
<record>
  <leader>02797cam a22003737i 4500</leader>
  <controlfield tag="001">18659004</controlfield>
  <controlfield tag="005">20200103150457.0</controlfield>
  <controlfield tag="008">150615s2016    mau      b    001 0 eng  </controlfield>
  <datafield tag="906" ind1=" " ind2=" ">
    <subfield code="a">7</subfield>
    <subfield code="b">cbc</subfield>
    <subfield code="c">orignew</subfield>
    <subfield code="d">1</subfield>
    <subfield code="e">ecip</subfield>
    <subfield code="f">20</subfield>
    <subfield code="g">y-gencatlg</subfield>
  </datafield>
  <datafield tag="925" ind1="0" ind2=" ">
    <subfield code="a">acquire</subfield>
    <subfield code="b">1 shelf copy</subfield>
    <subfield code="x">policy default</subfield>
  </datafield>
  <datafield tag="955" ind1=" " ind2=" ">
    <subfield code="b">rm13 2015-06-15</subfield>
    <subfield code="i">rm13 2015-06-15 (telework)</subfield>
    <subfield code="w">xl05 2015-06-15 (telework)</subfield>
    <subfield code="a">xn11 2015-11-12 1 copy rec&apos;d., to CIP ver.</subfield>
    <subfield code="f">rm06 2015-12-09 to CALM</subfield>
    <subfield code="a">td11 2016-05-12 degrees and credentials removed from 245c, not on book</subfield>
  </datafield>
  <datafield tag="010" ind1=" " ind2=" ">
    <subfield code="a">  2015019892</subfield>
  </datafield>
  <datafield tag="020" ind1=" " ind2=" ">
    <subfield code="a">9781284090550 (pbk. : alk. paper)</subfield>
  </datafield>
  <datafield tag="040" ind1=" " ind2=" ">
    <subfield code="a">DLC</subfield>
    <subfield code="b">eng</subfield>
    <subfield code="c">DLC</subfield>
    <subfield code="e">rda</subfield>
    <subfield code="d">DLC</subfield>
  </datafield>
  <datafield tag="050" ind1="0" ind2="0">
    <subfield code="a">HM742</subfield>
    <subfield code="b">.H38 2016</subfield>
  </datafield>
  <datafield tag="082" ind1="0" ind2="0">
    <subfield code="a">302.30285</subfield>
    <subfield code="2">23</subfield>
  </datafield>
  <datafield tag="100" ind1="1" ind2=" ">
    <subfield code="a">Harwood, Mike.</subfield>
  </datafield>
  <datafield tag="240" ind1="1" ind2="0">
    <subfield code="a">Security strategies in Web applications and social networking.</subfield>
  </datafield>
  <datafield tag="245" ind1="1" ind2="0">
    <subfield code="a">Internet security :</subfield>
    <subfield code="b">how to defend against attackers on the web /</subfield>
    <subfield code="c">Mike Harwood.</subfield>
  </datafield>
  <datafield tag="250" ind1=" " ind2=" ">
    <subfield code="a">Second Edition.</subfield>
  </datafield>
  <datafield tag="264" ind1=" " ind2="1">
    <subfield code="a">Burlington, MA :</subfield>
    <subfield code="b">Jones &amp; Bartlett Learning,</subfield>
    <subfield code="c">[2016]</subfield>
  </datafield>
  <datafield tag="300" ind1=" " ind2=" ">
    <subfield code="a">xvii, 438 pages ;</subfield>
    <subfield code="c">24 cm</subfield>
  </datafield>
  <datafield tag="336" ind1=" " ind2=" ">
    <subfield code="a">text</subfield>
    <subfield code="2">rdacontent</subfield>
  </datafield>
  <datafield tag="337" ind1=" " ind2=" ">
    <subfield code="a">unmediated</subfield>
    <subfield code="2">rdamedia</subfield>
  </datafield>
  <datafield tag="338" ind1=" " ind2=" ">
    <subfield code="a">volume</subfield>
    <subfield code="2">rdacarrier</subfield>
  </datafield>
  <datafield tag="490" ind1="0" ind2=" ">
    <subfield code="a">Jones &amp; bartlett learning, information systems security &amp; assurance series</subfield>
  </datafield>
  <datafield tag="504" ind1=" " ind2=" ">
    <subfield code="a">Includes bibliographical references (pages 415-422) and index.</subfield>
  </datafield>
  <datafield tag="505" ind1="0" ind2=" ">
    <subfield code="a">From mainframe to client-server to world wide web -- Security considerations for smb&apos;s -- Security considerations for home and personal online use -- Securing mobile communications -- Mitigating risk when connecting to the internet -- Mitigating web site risks, threats, and vulnerabilities -- Introducing the web application security consortium (WASC) -- Securing web applications -- Mitigating web application vulnerabilities -- Maintaining pci dss compliance for e-commerce web sites -- Testing and quality assurance for production web sites -- Performing a web site vulnerability and security assessment -- Securing end-point device communications -- Securing personal and business communications -- Web application security organizations, education, training, and certification.</subfield>
  </datafield>
  <datafield tag="520" ind1=" " ind2=" ">
    <subfield code="a">&quot;Internet Security: How to Defend Against Attackers on the Web, Second Edition provides a comprehensive explanation of the evolutionary changes that have occurred in computing, communications, and social networking and discusses how to secure systems against all the risks, threats, and vulnerabilities associated with Web-enabled applications accessible via the internet&quot;--</subfield>
    <subfield code="c">Provided by publisher.</subfield>
  </datafield>
  <datafield tag="650" ind1=" " ind2="0">
    <subfield code="a">Online social networks</subfield>
    <subfield code="x">Security measures.</subfield>
  </datafield>
  <datafield tag="650" ind1=" " ind2="0">
    <subfield code="a">Application software</subfield>
    <subfield code="x">Security measures.</subfield>
  </datafield>
  <datafield tag="650" ind1=" " ind2="0">
    <subfield code="a">Internet</subfield>
    <subfield code="x">Security measures.</subfield>
  </datafield>
  <datafield tag="650" ind1=" " ind2="0">
    <subfield code="a">World Wide Web</subfield>
    <subfield code="x">Security measures.</subfield>
  </datafield>
  <datafield tag="700" ind1="1" ind2=" ">
    <subfield code="a">Harwood, Mike.</subfield>
    <subfield code="t">Security strategies in Web applications and social networking.</subfield>
  </datafield>
</record>