
<record>
  <leader>03088cam a22003977i 4500</leader>
  <controlfield tag="001">18659528</controlfield>
  <controlfield tag="005">20200103120649.0</controlfield>
  <controlfield tag="008">150615t20152015onc      b    001 0 eng c</controlfield>
  <datafield tag="906" ind1=" " ind2=" ">
    <subfield code="a">7</subfield>
    <subfield code="b">cbc</subfield>
    <subfield code="c">pccadap</subfield>
    <subfield code="d">2</subfield>
    <subfield code="e">ncip</subfield>
    <subfield code="f">20</subfield>
    <subfield code="g">y-gencatlg</subfield>
  </datafield>
  <datafield tag="925" ind1="0" ind2=" ">
    <subfield code="a">acquire</subfield>
    <subfield code="b">1 shelf copies</subfield>
    <subfield code="x">policy default</subfield>
  </datafield>
  <datafield tag="955" ind1=" " ind2=" ">
    <subfield code="b">re27 2015-06-15 z-processor</subfield>
    <subfield code="i">rk07 2015-08-06 to DEWEY</subfield>
  </datafield>
  <datafield tag="010" ind1=" " ind2=" ">
    <subfield code="a">  2015302905</subfield>
  </datafield>
  <datafield tag="016" ind1=" " ind2=" ">
    <subfield code="a">2014907042X</subfield>
  </datafield>
  <datafield tag="020" ind1=" " ind2=" ">
    <subfield code="a">9781442649217</subfield>
    <subfield code="q">(bound)</subfield>
  </datafield>
  <datafield tag="020" ind1=" " ind2=" ">
    <subfield code="a">1442649216</subfield>
    <subfield code="q">(bound)</subfield>
  </datafield>
  <datafield tag="035" ind1=" " ind2=" ">
    <subfield code="a">(OCoLC)ocn894141066</subfield>
  </datafield>
  <datafield tag="040" ind1=" " ind2=" ">
    <subfield code="a">NLC</subfield>
    <subfield code="b">eng</subfield>
    <subfield code="c">NLC</subfield>
    <subfield code="e">rda</subfield>
    <subfield code="d">OCLCO</subfield>
    <subfield code="d">BTCTA</subfield>
    <subfield code="d">YDXCP</subfield>
    <subfield code="d">BDX</subfield>
    <subfield code="d">OCLCF</subfield>
    <subfield code="d">CDX</subfield>
    <subfield code="d">CUI</subfield>
    <subfield code="d">NLGGC</subfield>
    <subfield code="d">DGU</subfield>
    <subfield code="d">PUL</subfield>
    <subfield code="d">COH</subfield>
    <subfield code="d">DLC</subfield>
  </datafield>
  <datafield tag="050" ind1="0" ind2="0">
    <subfield code="a">B837</subfield>
    <subfield code="b">.S567 2015</subfield>
  </datafield>
  <datafield tag="245" ind1="0" ind2="0">
    <subfield code="a">Skepticism and political thought in the seventeenth and eighteenth centuries /</subfield>
    <subfield code="c">edited by John Christian Laursen and Gianni Paganini.</subfield>
  </datafield>
  <datafield tag="264" ind1=" " ind2="1">
    <subfield code="a">Toronto :</subfield>
    <subfield code="b">University of Toronto Press,</subfield>
    <subfield code="c">[2015]</subfield>
  </datafield>
  <datafield tag="264" ind1=" " ind2="4">
    <subfield code="c">©2015</subfield>
  </datafield>
  <datafield tag="300" ind1=" " ind2=" ">
    <subfield code="a">vi, 292 pages ;</subfield>
    <subfield code="c">24 cm.</subfield>
  </datafield>
  <datafield tag="336" ind1=" " ind2=" ">
    <subfield code="a">text</subfield>
    <subfield code="b">txt</subfield>
    <subfield code="2">rdacontent</subfield>
  </datafield>
  <datafield tag="337" ind1=" " ind2=" ">
    <subfield code="a">unmediated</subfield>
    <subfield code="b">n</subfield>
    <subfield code="2">rdamedia</subfield>
  </datafield>
  <datafield tag="338" ind1=" " ind2=" ">
    <subfield code="a">volume</subfield>
    <subfield code="b">nc</subfield>
    <subfield code="2">rdacarrier</subfield>
  </datafield>
  <datafield tag="490" ind1="1" ind2=" ">
    <subfield code="a">UCLA Clark library series</subfield>
  </datafield>
  <datafield tag="500" ind1=" " ind2=" ">
    <subfield code="a">Published by the University of Toronto Press in association with the UCLA Center for Seventeenth- and Eighteenth-Century Studies and the William Andrews Clark Memorial Library.</subfield>
  </datafield>
  <datafield tag="504" ind1=" " ind2=" ">
    <subfield code="a">Includes bibliographical references and index.</subfield>
  </datafield>
  <datafield tag="505" ind1="0" ind2=" ">
    <subfield code="a">Introduction / John Christian Laursen and Gianni Paganini -- Neither Philosophy nor Politics? The Ancient Pyrrhonian Approach to Everyday Life / Emidio Spinelli -- La Mothe Le Vayer and Political Skepticism / Daniel R. Brunstetter -- Hobbes and the French Skeptics / Gianni Paganini -- Questionnnements sceptiques et politiques de la fable: les &lt;&lt;autres mondes&gt;&gt; du libertinage érudit / Jean-Charles Darmon -- Obeying the Laws and Customs of the Country: Living in Disorder and Barbarity.  The Powerlessness of Political Skepticism According to the &apos;Discours sceptiques&apos; (1657) of Samuel Sorbière / Sylvia Giocanti -- Bernard Mandeville&apos;s Skeptical Political Philosophy / Rui Bertrand Romão -- David Hume: Skepticism in Politics? / Andrew Sabl -- Denis Diderot and the Politics of Materialist Skepticism / Whitney Mannies -- Rousseau: Philosophical and Religious Skepticism and Political Dogmatism / María José Villaverde -- Skepticism and Political Economy: Smith, Hume, and Rousseau / Pierre Force -- Can a Skeptic Be a Reformer? Skepticism in Morals and Politics during the Enlightenment: The Case of Voltaire / Rodrigo Brandão -- From General Skepticism to Complete Dogmatism: Jacques-Pierre Brissot de Warville / Sébastien Charles -- Carl Friedrich Stäudlin&apos;s Diagnosis of the Political Effects of Skepticism in Late Eighteetn-Century Germany / John Christian Laursen.</subfield>
  </datafield>
  <datafield tag="650" ind1=" " ind2="0">
    <subfield code="a">Skepticism</subfield>
    <subfield code="x">Political aspects</subfield>
    <subfield code="x">History</subfield>
    <subfield code="y">17th century.</subfield>
  </datafield>
  <datafield tag="650" ind1=" " ind2="0">
    <subfield code="a">Skepticism</subfield>
    <subfield code="x">Political aspects</subfield>
    <subfield code="x">History</subfield>
    <subfield code="y">18th century.</subfield>
  </datafield>
  <datafield tag="600" ind1="0" ind2="0">
    <subfield code="a">Sextus,</subfield>
    <subfield code="c">Empiricus.</subfield>
  </datafield>
  <datafield tag="650" ind1=" " ind2="0">
    <subfield code="a">Skeptics (Greek philosophy)</subfield>
  </datafield>
  <datafield tag="700" ind1="1" ind2=" ">
    <subfield code="a">Laursen, John Christian,</subfield>
    <subfield code="e">editor.</subfield>
  </datafield>
  <datafield tag="700" ind1="1" ind2=" ">
    <subfield code="a">Paganini, Gianni,</subfield>
    <subfield code="d">1950-</subfield>
    <subfield code="e">editor.</subfield>
  </datafield>
  <datafield tag="830" ind1=" " ind2="0">
    <subfield code="a">UCLA Clark Memorial Library series.</subfield>
  </datafield>
</record>