
<record>
  <leader>02976cam a22003137i 4500</leader>
  <controlfield tag="001">18662657</controlfield>
  <controlfield tag="005">20200103150457.0</controlfield>
  <controlfield tag="008">150617s2016    flu      b    001 0 eng  </controlfield>
  <datafield tag="906" ind1=" " ind2=" ">
    <subfield code="a">7</subfield>
    <subfield code="b">cbc</subfield>
    <subfield code="c">orignew</subfield>
    <subfield code="d">1</subfield>
    <subfield code="e">ecip</subfield>
    <subfield code="f">20</subfield>
    <subfield code="g">y-gencatlg</subfield>
  </datafield>
  <datafield tag="925" ind1="0" ind2=" ">
    <subfield code="a">acquire</subfield>
    <subfield code="b">1 shelf copy</subfield>
    <subfield code="x">policy default</subfield>
  </datafield>
  <datafield tag="955" ind1=" " ind2=" ">
    <subfield code="b">re23 2015-06-17</subfield>
    <subfield code="i">re23 2015-06-17 to Dewey</subfield>
    <subfield code="w">xl03 2015-06-17</subfield>
    <subfield code="a">xn12 2015-10-06 1 copy rec&apos;d., to CIP ver.</subfield>
    <subfield code="f">rm06 2015-11-09 to CALM</subfield>
    <subfield code="a">td11 2016-03-02 and removed from 245c, Mark removed from 245c</subfield>
    <subfield code="a">td15 2016-05-11 700s corrected</subfield>
  </datafield>
  <datafield tag="010" ind1=" " ind2=" ">
    <subfield code="a">  2015017779</subfield>
  </datafield>
  <datafield tag="020" ind1=" " ind2=" ">
    <subfield code="a">9781498719599 (hardcover : alk. paper)</subfield>
  </datafield>
  <datafield tag="040" ind1=" " ind2=" ">
    <subfield code="a">DLC</subfield>
    <subfield code="b">eng</subfield>
    <subfield code="c">DLC</subfield>
    <subfield code="e">rda</subfield>
    <subfield code="d">DLC</subfield>
  </datafield>
  <datafield tag="050" ind1="0" ind2="0">
    <subfield code="a">HD111</subfield>
    <subfield code="b">.A28 2016</subfield>
  </datafield>
  <datafield tag="082" ind1="0" ind2="0">
    <subfield code="a">333.73/13</subfield>
    <subfield code="2">23</subfield>
  </datafield>
  <datafield tag="245" ind1="0" ind2="0">
    <subfield code="a">Advances in responsible land administration /</subfield>
    <subfield code="c">edited by Jaap Zevenbergen, Walter De Vries, Rohan Bennett.</subfield>
  </datafield>
  <datafield tag="264" ind1=" " ind2="1">
    <subfield code="a">Boca Raton, Fla. :</subfield>
    <subfield code="b">CRC Press, Taylor &amp; Francis,</subfield>
    <subfield code="c">2016.</subfield>
  </datafield>
  <datafield tag="300" ind1=" " ind2=" ">
    <subfield code="a">xvi, 289 pages ;</subfield>
    <subfield code="c">24 cm</subfield>
  </datafield>
  <datafield tag="336" ind1=" " ind2=" ">
    <subfield code="a">text</subfield>
    <subfield code="b">txt</subfield>
    <subfield code="2">rdacontent</subfield>
  </datafield>
  <datafield tag="337" ind1=" " ind2=" ">
    <subfield code="a">unmediated</subfield>
    <subfield code="b">n</subfield>
    <subfield code="2">rdamedia</subfield>
  </datafield>
  <datafield tag="338" ind1=" " ind2=" ">
    <subfield code="a">volume</subfield>
    <subfield code="b">nc</subfield>
    <subfield code="2">rdacarrier</subfield>
  </datafield>
  <datafield tag="504" ind1=" " ind2=" ">
    <subfield code="a">Includes bibliographical references and index.</subfield>
  </datafield>
  <datafield tag="505" ind1="0" ind2=" ">
    <subfield code="a">Towards responsible land administration / Walter T. de Vries, Rohan M. Bennett, Jaap Zevenbergen -- Pro-poor land administration / Marie Christine Simbizi, Rohan M. Bennett, Jaap Zevenbergen -- Land administration for food security / Rohan M. Bennett, Georgina Rockson, Solomon A. Haile, Joe Nasr, and Liza Groenendijk -- Urbanization, land administration, and good-enough governance / Berhanu K. Alemie, Rohan M. Bennett, Jaap Zevenbergen -- Land administration for post-conflict contexts / Dimo Todorovski, Jaap Zevenbergen, Paul van der Molen -- Land administration crowds, clouds and the state / Peter Laarakker, Jaap Zevenbergen, Yola Georgiadou -- The point cadastre / Walter T. de Vries, Co Meijer, Susan Keuber, Bert Raidt -- The digital pen method / Didier Milindi Rugema, Jeroen Verplanke, Christiaan Lemmen -- Accelerated land administration updates / Mireille Biraro, Rohan M. Bennett, Christiaan Lemmen -- Towards fit-for-purpose land consolidation / Rohan M. Bennett, Fikerte A. Yimer, Christiaan Lemmen -- Dynamic nomadic cadastres / Monica Lengoiboni, Arnold Bregt, Paul van der Molen -- Land administration impacts on land use change / Peter Fosudo, Rohan M. Bennett, Jaap Zevenbergen -- Environmental protection via land administration / Yelena Romero, Jaap Zevenbergen, Kees Bronsveld -- Displacement and land administration / Potel Jossam, Paul van der Molen, Luc Boerboom, Dimo Todorovski, Walter T. de Vries -- Social tenure domain model : an emerging land governance tool / Danilo Antonio, Jaap Zevenbergen, Clarissa Augustinus -- Future directions in responsible land administration / Jaap Zevenbergen, Walter T. de Vries, Rohan M. Bennett.</subfield>
  </datafield>
  <datafield tag="650" ind1=" " ind2="0">
    <subfield code="a">Land use</subfield>
    <subfield code="x">Management.</subfield>
  </datafield>
  <datafield tag="650" ind1=" " ind2="0">
    <subfield code="a">Land use</subfield>
    <subfield code="x">Planning.</subfield>
  </datafield>
  <datafield tag="700" ind1="1" ind2=" ">
    <subfield code="a">Zevenbergen, J. A.</subfield>
    <subfield code="q">(Jaap A.),</subfield>
    <subfield code="e">editor.</subfield>
  </datafield>
  <datafield tag="700" ind1="1" ind2=" ">
    <subfield code="a">De Vries, Walter,</subfield>
    <subfield code="e">editor.</subfield>
  </datafield>
  <datafield tag="700" ind1="1" ind2=" ">
    <subfield code="a">Bennett, Rohan,</subfield>
    <subfield code="e">editor.</subfield>
  </datafield>
</record>