
<record>
  <leader>02013cam a22003257a 4500</leader>
  <controlfield tag="001">18665988</controlfield>
  <controlfield tag="005">20200103110907.0</controlfield>
  <controlfield tag="008">150619r20151966mnua   j      000 1 eng  </controlfield>
  <datafield tag="906" ind1=" " ind2=" ">
    <subfield code="a">7</subfield>
    <subfield code="b">cbc</subfield>
    <subfield code="c">origcop</subfield>
    <subfield code="d">2</subfield>
    <subfield code="e">ncip</subfield>
    <subfield code="f">20</subfield>
    <subfield code="g">y-gencatlg</subfield>
  </datafield>
  <datafield tag="925" ind1="0" ind2=" ">
    <subfield code="a">acquire</subfield>
    <subfield code="b">1 shelf copy</subfield>
    <subfield code="x">policy default</subfield>
  </datafield>
  <datafield tag="955" ind1=" " ind2=" ">
    <subfield code="b">xk12 2015-06-19 z-processor</subfield>
    <subfield code="i">xk12 2015-06-19 c. 1 to CALM</subfield>
  </datafield>
  <datafield tag="010" ind1=" " ind2=" ">
    <subfield code="a">  2015296016</subfield>
  </datafield>
  <datafield tag="020" ind1=" " ind2=" ">
    <subfield code="a">9781614793113 (hbk.)</subfield>
  </datafield>
  <datafield tag="040" ind1=" " ind2=" ">
    <subfield code="a">DLC</subfield>
    <subfield code="c">DLC</subfield>
    <subfield code="d">DLC</subfield>
  </datafield>
  <datafield tag="042" ind1=" " ind2=" ">
    <subfield code="a">lcac</subfield>
  </datafield>
  <datafield tag="050" ind1="0" ind2="0">
    <subfield code="a">PZ7.S68524</subfield>
    <subfield code="b">Er 2015</subfield>
  </datafield>
  <datafield tag="082" ind1="0" ind2="0">
    <subfield code="a">[Fic]</subfield>
    <subfield code="2">23</subfield>
  </datafield>
  <datafield tag="100" ind1="1" ind2=" ">
    <subfield code="a">Sobol, Donald J.,</subfield>
    <subfield code="d">1924-2012.</subfield>
  </datafield>
  <datafield tag="245" ind1="1" ind2="0">
    <subfield code="a">Encyclopedia Brown finds the clues /</subfield>
    <subfield code="c">by Donald J. Sobol ; illustrated by Leonard Shortall.</subfield>
  </datafield>
  <datafield tag="246" ind1="3" ind2="0">
    <subfield code="a">Finds the clues</subfield>
  </datafield>
  <datafield tag="250" ind1=" " ind2=" ">
    <subfield code="a">Reinforced library bound ed.</subfield>
  </datafield>
  <datafield tag="260" ind1=" " ind2=" ">
    <subfield code="a">Minneapolis, Minnesota :</subfield>
    <subfield code="b">ABDO/Spotlight,</subfield>
    <subfield code="c">2015.</subfield>
  </datafield>
  <datafield tag="300" ind1=" " ind2=" ">
    <subfield code="a">96 p. :</subfield>
    <subfield code="b">ill. ;</subfield>
    <subfield code="c">21 cm.</subfield>
  </datafield>
  <datafield tag="490" ind1="0" ind2=" ">
    <subfield code="a">Encyclopedia Brown</subfield>
  </datafield>
  <datafield tag="500" ind1=" " ind2=" ">
    <subfield code="a">&quot;Puffin Books, an imprint of Penguin Group (USA).&quot;</subfield>
  </datafield>
  <datafield tag="500" ind1=" " ind2=" ">
    <subfield code="a">&quot;Everyone&apos;s favorite boy detective&quot;--Cover.</subfield>
  </datafield>
  <datafield tag="505" ind1="0" ind2=" ">
    <subfield code="a">The case of the mysterious tramp -- The case of the rubber pillow -- The case of Bug&apos;s kidnapping -- The case of the boy bullfighter -- The case of the divining rod -- The case of the bitter drink -- The case of the telltale paint -- The case of the stolen diamonds -- The case of the missing statue -- The case of the house of cards.</subfield>
  </datafield>
  <datafield tag="520" ind1=" " ind2=" ">
    <subfield code="a">&quot;With a knack for trivia, Encyclopedia solves mysteries for the neighborhood kids through his detective agency. But his Dad is also the chief of police, and every night, Encyclopedia helps him solve his most baffling crimes. Join Encyclopedia Brown as he solves ten confounding mysteries, from recovering a client&apos;s prized tooth collection to following a trail of paint to find a sneaky thief, and more. And with the clues given in each case, readers will have a chance to solve the mystery themselves!&quot;--P. [4] of cover. Solutions are found in the back of the book.</subfield>
  </datafield>
  <datafield tag="650" ind1=" " ind2="0">
    <subfield code="a">Detective and mystery stories.</subfield>
  </datafield>
  <datafield tag="700" ind1="1" ind2=" ">
    <subfield code="a">Shortall, Leonard,</subfield>
    <subfield code="e">ill.</subfield>
  </datafield>
</record>