
<record>
  <leader>01808cam a22003257i 4500</leader>
  <controlfield tag="001">18666140</controlfield>
  <controlfield tag="005">20200103120651.0</controlfield>
  <controlfield tag="008">150612s2015    enka     b    001 0 eng c</controlfield>
  <datafield tag="906" ind1=" " ind2=" ">
    <subfield code="a">7</subfield>
    <subfield code="b">cbc</subfield>
    <subfield code="c">orignew</subfield>
    <subfield code="d">1</subfield>
    <subfield code="e">ecip</subfield>
    <subfield code="f">20</subfield>
    <subfield code="g">y-gencatlg</subfield>
  </datafield>
  <datafield tag="925" ind1="0" ind2=" ">
    <subfield code="a">acquire</subfield>
    <subfield code="b">1 shelf copy</subfield>
    <subfield code="x">policy default</subfield>
    <subfield code="e">claim1  2016-03-03</subfield>
    <subfield code="e">claim2  2016-07-22</subfield>
    <subfield code="e">to CAD  2016-11-29</subfield>
  </datafield>
  <datafield tag="955" ind1=" " ind2=" ">
    <subfield code="a">WaSeSS</subfield>
    <subfield code="e">rk09 2015-06-19 to Dewey</subfield>
    <subfield code="w">xl03 2015-06-23</subfield>
    <subfield code="a">xn11 2017-03-21 1 copy rec&apos;d., to CIP ver.</subfield>
    <subfield code="a">rk20 2017-03-25 book received in ART</subfield>
    <subfield code="f">rk21 2017-04-01 to CALM</subfield>
  </datafield>
  <datafield tag="010" ind1=" " ind2=" ">
    <subfield code="a">  2015019417</subfield>
  </datafield>
  <datafield tag="020" ind1=" " ind2=" ">
    <subfield code="a">9781119052777 (hbk.)</subfield>
  </datafield>
  <datafield tag="040" ind1=" " ind2=" ">
    <subfield code="a">WaSeSS/DLC</subfield>
    <subfield code="b">eng</subfield>
    <subfield code="e">rda</subfield>
    <subfield code="c">WaSeSS</subfield>
    <subfield code="d">DLC</subfield>
  </datafield>
  <datafield tag="050" ind1="0" ind2="0">
    <subfield code="a">TK2960</subfield>
    <subfield code="b">.A33 2015</subfield>
  </datafield>
  <datafield tag="082" ind1="0" ind2="0">
    <subfield code="a">621.31/244</subfield>
    <subfield code="2">23</subfield>
  </datafield>
  <datafield tag="100" ind1="1" ind2=" ">
    <subfield code="a">Adachi, Sadao,</subfield>
    <subfield code="d">1950-</subfield>
    <subfield code="e">author.</subfield>
  </datafield>
  <datafield tag="245" ind1="1" ind2="0">
    <subfield code="a">Earth-abundant materials for solar cells :</subfield>
    <subfield code="b">Cu2-II-IV-VI4 semiconductors /</subfield>
    <subfield code="c">Sadao Adachi, Division of Electronics and Informatics, Faculty of Science and Technology, Gunma University, Japan.</subfield>
  </datafield>
  <datafield tag="264" ind1=" " ind2="1">
    <subfield code="a">Chichester, West Sussex, United Kingdom ; [Hoboken, NJ] :</subfield>
    <subfield code="b">John Wiley &amp; Sons, Inc.,</subfield>
    <subfield code="c">2015.</subfield>
  </datafield>
  <datafield tag="300" ind1=" " ind2=" ">
    <subfield code="a">xii, 462 pages :</subfield>
    <subfield code="b">illustrations ;</subfield>
    <subfield code="c">25 cm</subfield>
  </datafield>
  <datafield tag="336" ind1=" " ind2=" ">
    <subfield code="a">text</subfield>
    <subfield code="2">rdacontent</subfield>
  </datafield>
  <datafield tag="337" ind1=" " ind2=" ">
    <subfield code="a">unmediated</subfield>
    <subfield code="2">rdamedia</subfield>
  </datafield>
  <datafield tag="338" ind1=" " ind2=" ">
    <subfield code="a">volume</subfield>
    <subfield code="2">rdacarrier</subfield>
  </datafield>
  <datafield tag="504" ind1=" " ind2=" ">
    <subfield code="a">Includes bibliographical references and index.</subfield>
  </datafield>
  <datafield tag="505" ind1="0" ind2=" ">
    <subfield code="a">Structural properties -- Thermal properties -- Elastic, mechanical, and lattice dynamic properties -- Electronic energy-band structure -- Optical properties -- Carrier transport properties.</subfield>
  </datafield>
  <datafield tag="650" ind1=" " ind2="0">
    <subfield code="a">Solar cells</subfield>
    <subfield code="x">Materials.</subfield>
  </datafield>
  <datafield tag="650" ind1=" " ind2="0">
    <subfield code="a">Semiconductors</subfield>
    <subfield code="x">Materials.</subfield>
  </datafield>
  <datafield tag="650" ind1=" " ind2="0">
    <subfield code="a">Chalcogenides.</subfield>
  </datafield>
  <datafield tag="776" ind1="0" ind2="8">
    <subfield code="i">Online version:</subfield>
    <subfield code="a">Adachi, Sadao, 1950- author.</subfield>
    <subfield code="t">Earth-abundant materials for solar cells</subfield>
    <subfield code="d">Chichester, West Sussex, United Kingdom : John Wiley &amp; Sons, Inc., 2015</subfield>
    <subfield code="z">9781119052784</subfield>
    <subfield code="w">(DLC) 2015025131</subfield>
  </datafield>
  <datafield tag="985" ind1=" " ind2=" ">
    <subfield code="a">WaSeSSCIP</subfield>
    <subfield code="d">2015-06-12</subfield>
  </datafield>
</record>