
<record>
  <leader>04091cam a22004697i 4500</leader>
  <controlfield tag="001">18667090</controlfield>
  <controlfield tag="005">20200103120651.0</controlfield>
  <controlfield tag="008">150620e201501  dcuabd f bt  f001 0 eng c</controlfield>
  <datafield tag="906" ind1=" " ind2=" ">
    <subfield code="a">7</subfield>
    <subfield code="b">cbc</subfield>
    <subfield code="c">pccadap</subfield>
    <subfield code="d">2</subfield>
    <subfield code="e">ncip</subfield>
    <subfield code="f">20</subfield>
    <subfield code="g">y-gencatlg</subfield>
  </datafield>
  <datafield tag="925" ind1="0" ind2=" ">
    <subfield code="a">acquire</subfield>
    <subfield code="b">1 shelf copy</subfield>
    <subfield code="x">policy default</subfield>
  </datafield>
  <datafield tag="955" ind1=" " ind2=" ">
    <subfield code="b">hf04 2015-10-19 z-processor to USAN/UKI</subfield>
    <subfield code="i">hf04 2015-10-23 Telework to BCCD</subfield>
  </datafield>
  <datafield tag="955" ind1=" " ind2=" ">
    <subfield code="b">hg14 2015-06-20</subfield>
  </datafield>
  <datafield tag="010" ind1=" " ind2=" ">
    <subfield code="a">  2014496375</subfield>
  </datafield>
  <datafield tag="035" ind1=" " ind2=" ">
    <subfield code="a">(OCoLC)ocn905659245</subfield>
  </datafield>
  <datafield tag="040" ind1=" " ind2=" ">
    <subfield code="a">BVA</subfield>
    <subfield code="b">eng</subfield>
    <subfield code="c">BVA</subfield>
    <subfield code="e">rda</subfield>
    <subfield code="d">BVA</subfield>
    <subfield code="d">EJB</subfield>
    <subfield code="d">GPO</subfield>
    <subfield code="d">ELB</subfield>
    <subfield code="d">GPO</subfield>
    <subfield code="d">DLC</subfield>
  </datafield>
  <datafield tag="043" ind1=" " ind2=" ">
    <subfield code="a">n-us---</subfield>
  </datafield>
  <datafield tag="050" ind1="0" ind2="0">
    <subfield code="a">QH541.5.R52</subfield>
    <subfield code="b">C65 2015</subfield>
  </datafield>
  <datafield tag="086" ind1="0" ind2=" ">
    <subfield code="a">EP 11.2:C 76/2</subfield>
  </datafield>
  <datafield tag="088" ind1=" " ind2=" ">
    <subfield code="a">EPA/600/R-14/475F</subfield>
  </datafield>
  <datafield tag="245" ind1="0" ind2="0">
    <subfield code="a">Connectivity of streams and wetlands to downstream waters :</subfield>
    <subfield code="b">a review and synthesis of the scientific evidence /</subfield>
    <subfield code="c">National Center for Environmental Assessment.</subfield>
  </datafield>
  <datafield tag="246" ind1="1" ind2="4">
    <subfield code="a">Connectivity of streams &amp; wetlands to downstream waters :</subfield>
    <subfield code="b">a review &amp; synthesis of the scientific evidence</subfield>
  </datafield>
  <datafield tag="246" ind1="1" ind2="7">
    <subfield code="a">Stream and wetland connectivity :</subfield>
    <subfield code="b">a review and synthesis</subfield>
  </datafield>
  <datafield tag="264" ind1=" " ind2="1">
    <subfield code="a">Washington, DC :</subfield>
    <subfield code="b">Office of Research and Development, Environmental Protection Agency,</subfield>
    <subfield code="c">2015.</subfield>
  </datafield>
  <datafield tag="300" ind1=" " ind2=" ">
    <subfield code="a">xx, various pagings :</subfield>
    <subfield code="b">illustrations, maps, charts, mostly in color ;</subfield>
    <subfield code="c">28 cm</subfield>
  </datafield>
  <datafield tag="336" ind1=" " ind2=" ">
    <subfield code="a">text</subfield>
    <subfield code="b">txt</subfield>
    <subfield code="2">rdacontent</subfield>
  </datafield>
  <datafield tag="337" ind1=" " ind2=" ">
    <subfield code="a">unmediated</subfield>
    <subfield code="b">n</subfield>
    <subfield code="2">rdamedia</subfield>
  </datafield>
  <datafield tag="338" ind1=" " ind2=" ">
    <subfield code="a">volume</subfield>
    <subfield code="b">nc</subfield>
    <subfield code="2">rdacarrier</subfield>
  </datafield>
  <datafield tag="500" ind1=" " ind2=" ">
    <subfield code="a">&quot;The objective of the Clean Water Act is to restore and maintain the chemical, physical, and biological integrity of the nation&apos;s waters.  The U.S. Environmental Protection Agency&apos;s Office of Research and Development developed this report to inform rulemaking by the U.S. EPA and U.S. Army Corps of Engineers on the definition of &quot;waters of the United States&quot; under the Clean Water Act.  Its purpose is to summarize current scientific understanding about the connectivity and mechanisms by which streams and wetlands, singly or in aggregate, affect the physical, chemical, and biological integrity of downstream waters.  The focus of the review is on surface and shallow subsurface connections of small or temporary streams, nontidal wetlands, and certain open waters.  Because this report is a technical review of peer-reviewed scientific literature, it neither considers nor sets forth legal standards for Clean Water Act jurisdiction, nor does it establish EPA policy.&quot;--Taken from the executive summary.</subfield>
  </datafield>
  <datafield tag="500" ind1=" " ind2=" ">
    <subfield code="a">The executive summary provides major conclusions.  Conclusion 1: Streams -- Conclusion 2: Riparian/floodplain wetlands and open waters -- Conclusion 3: Non-floodplain wetlands and open waters -- Conclusion 4: Degrees and determinants of connectivity -- Conclusion 5: Cumulative effects.</subfield>
  </datafield>
  <datafield tag="500" ind1=" " ind2=" ">
    <subfield code="a">&quot;January 2015.&quot;</subfield>
  </datafield>
  <datafield tag="500" ind1=" " ind2=" ">
    <subfield code="a">&quot;EPA 600/R-14/475F.&quot;</subfield>
  </datafield>
  <datafield tag="504" ind1=" " ind2=" ">
    <subfield code="a">Includes bibliographical references.</subfield>
  </datafield>
  <datafield tag="505" ind1="0" ind2="0">
    <subfield code="g">Chapter 1.</subfield>
    <subfield code="t">Introduction --</subfield>
    <subfield code="g">Chapter 2.</subfield>
    <subfield code="t">An integrated systems perspective on interactions of watersheds, streams, wetlands, and downstream waters --</subfield>
    <subfield code="g">Chapter 3.</subfield>
    <subfield code="t">Streams: Physical, chemical, and biological connections to rivers --</subfield>
    <subfield code="g">Chapter 4.</subfield>
    <subfield code="t">Wetlands: physical, chemical, and biological connections to rivers --</subfield>
    <subfield code="g">Chapter 5.</subfield>
    <subfield code="t">Applications and discussion: connectivity case studies --</subfield>
    <subfield code="g">Chapter 6.</subfield>
    <subfield code="t">Conclusions --</subfield>
    <subfield code="g">Chapter 7.</subfield>
    <subfield code="t">References --</subfield>
    <subfield code="g">Appendix A.</subfield>
    <subfield code="t">Glossary --</subfield>
    <subfield code="g">Appendix B.</subfield>
    <subfield code="t">Case studies: Carolina and Delmarva Bays ; Oxbow lakes ; Prarie potholes ; Prairie streams ; Southwestern intermittent and ephemeral streams ; Vernal pools --</subfield>
    <subfield code="t">References.</subfield>
  </datafield>
  <datafield tag="650" ind1=" " ind2="0">
    <subfield code="a">Riparian areas</subfield>
    <subfield code="z">United States</subfield>
    <subfield code="x">Management.</subfield>
  </datafield>
  <datafield tag="650" ind1=" " ind2="0">
    <subfield code="a">Riparian areas</subfield>
    <subfield code="x">Conservation</subfield>
    <subfield code="z">United States.</subfield>
  </datafield>
  <datafield tag="650" ind1=" " ind2="0">
    <subfield code="a">Wetland conservation</subfield>
    <subfield code="z">United States.</subfield>
  </datafield>
  <datafield tag="650" ind1=" " ind2="0">
    <subfield code="a">Riparian ecology</subfield>
    <subfield code="z">United States.</subfield>
  </datafield>
  <datafield tag="650" ind1=" " ind2="0">
    <subfield code="a">Watershed restoration</subfield>
    <subfield code="z">United States.</subfield>
  </datafield>
  <datafield tag="710" ind1="1" ind2=" ">
    <subfield code="a">United States.</subfield>
    <subfield code="b">Environmental Protection Agency.</subfield>
    <subfield code="b">Office of Research and Development,</subfield>
    <subfield code="e">issuing body.</subfield>
  </datafield>
  <datafield tag="776" ind1="0" ind2="8">
    <subfield code="i">Online version:</subfield>
    <subfield code="t">Connectivity of streams &amp; wetlands to downstream waters</subfield>
    <subfield code="w">(OCoLC)921938826</subfield>
  </datafield>
  <datafield tag="856" ind1="4" ind2="1">
    <subfield code="u">http://cfpub.epa.gov/si/si_public_file_download.cfm?p_download_id=521415</subfield>
  </datafield>
  <datafield tag="856" ind1="4" ind2=" ">
    <subfield code="u">http://nepis.epa.gov/Exe/ZyPURL.cgi?Dockey=P100LOJZ.txt</subfield>
  </datafield>
</record>