
<record>
  <leader>03876cam a22004337i 4500</leader>
  <controlfield tag="001">18667138</controlfield>
  <controlfield tag="005">20200103120651.0</controlfield>
  <controlfield tag="008">150620t20152015onca     b    001 0 eng c</controlfield>
  <datafield tag="906" ind1=" " ind2=" ">
    <subfield code="a">7</subfield>
    <subfield code="b">cbc</subfield>
    <subfield code="c">pccadap</subfield>
    <subfield code="d">2</subfield>
    <subfield code="e">ncip</subfield>
    <subfield code="f">20</subfield>
    <subfield code="g">y-gencatlg</subfield>
  </datafield>
  <datafield tag="925" ind1="0" ind2=" ">
    <subfield code="a">acquire</subfield>
    <subfield code="b">1 shelf copy</subfield>
    <subfield code="x">policy default</subfield>
  </datafield>
  <datafield tag="955" ind1=" " ind2=" ">
    <subfield code="b">rm05 2015-06-20 z-processor</subfield>
    <subfield code="i">rm05 2015-06-23 to BCCD (Telework)</subfield>
  </datafield>
  <datafield tag="010" ind1=" " ind2=" ">
    <subfield code="a">  2015303283</subfield>
  </datafield>
  <datafield tag="016" ind1=" " ind2=" ">
    <subfield code="a">2014907221X</subfield>
  </datafield>
  <datafield tag="020" ind1=" " ind2=" ">
    <subfield code="a">9781442650138 (hbk)</subfield>
  </datafield>
  <datafield tag="020" ind1=" " ind2=" ">
    <subfield code="z">1442650133 (hbk)</subfield>
  </datafield>
  <datafield tag="035" ind1=" " ind2=" ">
    <subfield code="a">(OCoLC)ocn897352517</subfield>
  </datafield>
  <datafield tag="040" ind1=" " ind2=" ">
    <subfield code="a">NLC</subfield>
    <subfield code="b">eng</subfield>
    <subfield code="c">NLC</subfield>
    <subfield code="e">rda</subfield>
    <subfield code="d">OCLCO</subfield>
    <subfield code="d">YDXCP</subfield>
    <subfield code="d">BTCTA</subfield>
    <subfield code="d">BDX</subfield>
    <subfield code="d">OCLCF</subfield>
    <subfield code="d">CDX</subfield>
    <subfield code="d">MT4IT</subfield>
    <subfield code="d">TUU</subfield>
    <subfield code="d">CLE</subfield>
    <subfield code="d">VMI</subfield>
    <subfield code="d">AU@</subfield>
    <subfield code="d">DGU</subfield>
    <subfield code="d">OCLCO</subfield>
    <subfield code="d">DLC</subfield>
  </datafield>
  <datafield tag="055" ind1=" " ind2="0">
    <subfield code="a">HD57.7</subfield>
    <subfield code="b">H87 2015</subfield>
  </datafield>
  <datafield tag="050" ind1="0" ind2="0">
    <subfield code="a">HD57.7</subfield>
    <subfield code="b">.H8789 2015</subfield>
  </datafield>
  <datafield tag="100" ind1="1" ind2=" ">
    <subfield code="a">Hurwitz, Marc,</subfield>
    <subfield code="e">author.</subfield>
  </datafield>
  <datafield tag="245" ind1="1" ind2="0">
    <subfield code="a">Leadership is half the story :</subfield>
    <subfield code="b">a fresh look at followership, leadership, and collaboration /</subfield>
    <subfield code="c">Marc Hurwitz and Samantha Hurwitz.</subfield>
  </datafield>
  <datafield tag="264" ind1=" " ind2="1">
    <subfield code="a">Toronto ;</subfield>
    <subfield code="a">Buffalo ;</subfield>
    <subfield code="a">London :</subfield>
    <subfield code="b">University of Toronto Press,</subfield>
    <subfield code="c">[2015]</subfield>
  </datafield>
  <datafield tag="264" ind1=" " ind2="4">
    <subfield code="c">©2015.</subfield>
  </datafield>
  <datafield tag="300" ind1=" " ind2=" ">
    <subfield code="a">xxii, 267 pages :</subfield>
    <subfield code="b">illustrations ;</subfield>
    <subfield code="c">24 cm</subfield>
  </datafield>
  <datafield tag="336" ind1=" " ind2=" ">
    <subfield code="a">text</subfield>
    <subfield code="b">txt</subfield>
    <subfield code="2">rdacontent</subfield>
  </datafield>
  <datafield tag="337" ind1=" " ind2=" ">
    <subfield code="a">unmediated</subfield>
    <subfield code="b">n</subfield>
    <subfield code="2">rdamedia</subfield>
  </datafield>
  <datafield tag="338" ind1=" " ind2=" ">
    <subfield code="a">volume</subfield>
    <subfield code="b">nc</subfield>
    <subfield code="2">rdacarrier</subfield>
  </datafield>
  <datafield tag="504" ind1=" " ind2=" ">
    <subfield code="a">Includes bibliographical references (pages 241-249) and index.</subfield>
  </datafield>
  <datafield tag="505" ind1="0" ind2=" ">
    <subfield code="a">Chapter 1. Why 21st-century Workplaces Require a Radically Different Approach ... and a Radically Different Approach -- Work Is Done in Teams -- From Flow to Co-flow -- Continuous Relationship Building -- Interpersonal Agility Is the Essential Workplace Competency -- Introducing the Generative Partnership® Model -- Chapter 2. A Fresh Look at the F-Word : Followership -- Chapter 3. A New Kind of Leadership -- Section II : Guiding Principles -- Chapter 4. Principle 1 : Partnerships Need Leadership and Followership. They Are Equal, Dynamic, and Different -- Chapter 5. Principle 2 : Leadership Is Setting the Frame. Followership Is Creating Within It -- Chapter 6. Principle 3 : Lean In to Build Connection -- Chapter 7. Principle 4 : Value the Positive, and Build on It -- Chapter 8. Principle 5 : Have Deeply Shared Goals -- Section III : Skills -- Chapter 9. Decision Partnering Skills -- Kirk vs. Spock : Whom Would You Entrust with Your Decisions? -- Decision Framing : The Leadership Role -- Decision Advocating : The Followership Role -- Chapter 10. Relationship Partnering Skills -- Relationship Checkmate and How to Avoid a Stalemate -- Relationship Framing : The Leadership Role -- Relationship Building : The Followership Role -- Chapter 11. Organizational Agility Partnering Skills -- Don&apos;t Be a Sea Squirt and Eat Your Brain! -- Organizational Mentoring : The Leadership Role -- Organizational Agility : The Followership Role -- Chapter 12. Communication Partnering Skills -- Four-Way Communications, Barriers, Biases, and Blunders -- Cascade Communicating : The Leadership Role -- Dashboard Communicating : The Followership Role -- Chapter 13. Performance Partnering Skills -- Honk if You Like My Driving! -- The Commitment and Engagement Agreement -- The DNA of Performance -- Performance Coaching : The Leadership Role -- Peak Performing : The Followership Role -- Chapter 14. Personal, Team, and Organizational Development -- Personal Development -- Team Development -- Organizational Development.</subfield>
  </datafield>
  <datafield tag="650" ind1=" " ind2="0">
    <subfield code="a">Leadership.</subfield>
  </datafield>
  <datafield tag="650" ind1=" " ind2="0">
    <subfield code="a">Followership.</subfield>
  </datafield>
  <datafield tag="650" ind1=" " ind2="0">
    <subfield code="a">Teams in the workplace</subfield>
    <subfield code="x">Management.</subfield>
  </datafield>
  <datafield tag="650" ind1=" " ind2="0">
    <subfield code="a">Organizational effectiveness.</subfield>
  </datafield>
  <datafield tag="650" ind1=" " ind2="7">
    <subfield code="a">Followership.</subfield>
    <subfield code="2">fast</subfield>
    <subfield code="0">(OCoLC)fst01749829</subfield>
  </datafield>
  <datafield tag="650" ind1=" " ind2="7">
    <subfield code="a">Leadership.</subfield>
    <subfield code="2">fast</subfield>
    <subfield code="0">(OCoLC)fst00994701</subfield>
  </datafield>
  <datafield tag="650" ind1=" " ind2="7">
    <subfield code="a">Organizational effectiveness.</subfield>
    <subfield code="2">fast</subfield>
    <subfield code="0">(OCoLC)fst01047852</subfield>
  </datafield>
  <datafield tag="650" ind1=" " ind2="7">
    <subfield code="a">Teams in the workplace</subfield>
    <subfield code="x">Management.</subfield>
    <subfield code="2">fast</subfield>
    <subfield code="0">(OCoLC)fst01144690</subfield>
  </datafield>
  <datafield tag="700" ind1="1" ind2=" ">
    <subfield code="a">Hurwitz, Samantha,</subfield>
    <subfield code="e">author.</subfield>
  </datafield>
  <datafield tag="776" ind1="0" ind2="8">
    <subfield code="i">Also available online:</subfield>
    <subfield code="a">Hurwitz, Marc.</subfield>
    <subfield code="t">Leadership is half the story.</subfield>
    <subfield code="d">Toronto : University of Toronto Press, 2015</subfield>
    <subfield code="z">9781442622395</subfield>
    <subfield code="w">(OCoLC)903489555</subfield>
  </datafield>
</record>