
<record>
  <leader>02585cam a22004097i 4500</leader>
  <controlfield tag="001">18669263</controlfield>
  <controlfield tag="005">20200103150458.0</controlfield>
  <controlfield tag="008">150623s2016    nyu      b    001 0 eng  </controlfield>
  <datafield tag="906" ind1=" " ind2=" ">
    <subfield code="a">7</subfield>
    <subfield code="b">cbc</subfield>
    <subfield code="c">orignew</subfield>
    <subfield code="d">1</subfield>
    <subfield code="e">ecip</subfield>
    <subfield code="f">20</subfield>
    <subfield code="g">y-gencatlg</subfield>
  </datafield>
  <datafield tag="925" ind1="0" ind2=" ">
    <subfield code="a">acquire</subfield>
    <subfield code="b">1 shelf copy</subfield>
    <subfield code="x">policy default</subfield>
    <subfield code="e">claim1  2016-05-03</subfield>
  </datafield>
  <datafield tag="955" ind1=" " ind2=" ">
    <subfield code="b">rk14 2015-06-23</subfield>
    <subfield code="c">rk14 2015-06-23 telework to subj</subfield>
    <subfield code="d">re23 2015-10-05 (telework) to Dewey</subfield>
    <subfield code="w">xl03 2015-10-05</subfield>
    <subfield code="a">xn05 2016-07-13 1 copy rec&apos;d., to CIP ver.</subfield>
    <subfield code="f">rm06 2016-07-18 to CALM</subfield>
  </datafield>
  <datafield tag="010" ind1=" " ind2=" ">
    <subfield code="a">  2015022379</subfield>
  </datafield>
  <datafield tag="020" ind1=" " ind2=" ">
    <subfield code="a">9781137560384</subfield>
  </datafield>
  <datafield tag="020" ind1=" " ind2=" ">
    <subfield code="z">9781137560407 (E-PUB)</subfield>
  </datafield>
  <datafield tag="020" ind1=" " ind2=" ">
    <subfield code="z">9781137560391 (E-PDF)</subfield>
  </datafield>
  <datafield tag="020" ind1=" " ind2=" ">
    <subfield code="a">113756038X</subfield>
  </datafield>
  <datafield tag="040" ind1=" " ind2=" ">
    <subfield code="a">DLC</subfield>
    <subfield code="b">eng</subfield>
    <subfield code="c">DLC</subfield>
    <subfield code="e">rda</subfield>
    <subfield code="d">DLC</subfield>
  </datafield>
  <datafield tag="043" ind1=" " ind2=" ">
    <subfield code="a">d------</subfield>
  </datafield>
  <datafield tag="050" ind1="0" ind2="0">
    <subfield code="a">HC59.7</subfield>
    <subfield code="b">.A8339 2016</subfield>
  </datafield>
  <datafield tag="082" ind1="0" ind2="0">
    <subfield code="a">338.9009172/4</subfield>
    <subfield code="2">23</subfield>
  </datafield>
  <datafield tag="100" ind1="1" ind2=" ">
    <subfield code="a">Ascher, William.</subfield>
  </datafield>
  <datafield tag="245" ind1="1" ind2="4">
    <subfield code="a">The evolution of development thinking :</subfield>
    <subfield code="b">governance, economics, assistance, and security /</subfield>
    <subfield code="c">William Ascher, Garry D. Brewer, G. Shabbir Cheema, and John M. Heffron, Prepared under the auspices of the Pacific Basin Research Center, Soka University of America.</subfield>
  </datafield>
  <datafield tag="264" ind1=" " ind2="1">
    <subfield code="a">New York City :</subfield>
    <subfield code="b">Palgrave Macmillan,</subfield>
    <subfield code="c">2016.</subfield>
  </datafield>
  <datafield tag="300" ind1=" " ind2=" ">
    <subfield code="a">xii, 287 pages ;</subfield>
    <subfield code="c">25 cm</subfield>
  </datafield>
  <datafield tag="336" ind1=" " ind2=" ">
    <subfield code="a">text</subfield>
    <subfield code="b">txt</subfield>
    <subfield code="2">rdacontent</subfield>
  </datafield>
  <datafield tag="337" ind1=" " ind2=" ">
    <subfield code="a">unmediated</subfield>
    <subfield code="b">n</subfield>
    <subfield code="2">rdamedia</subfield>
  </datafield>
  <datafield tag="338" ind1=" " ind2=" ">
    <subfield code="a">volume</subfield>
    <subfield code="b">nc</subfield>
    <subfield code="2">rdacarrier</subfield>
  </datafield>
  <datafield tag="490" ind1="0" ind2=" ">
    <subfield code="a">Politics, Economics, and Inclusive Development</subfield>
  </datafield>
  <datafield tag="504" ind1=" " ind2=" ">
    <subfield code="a">Includes bibliographical references (pages 221-262) and index.</subfield>
  </datafield>
  <datafield tag="505" ind1="0" ind2=" ">
    <subfield code="a">Introduction -- Evolution of Economic Development Theories and Doctrines -- Economic Policy Practice -- Evolution of Governance and Development Administration Theory -- Evolution of Governance and Development Administration Practice -- Evolving Roles of Non-Governmental Organizations -- The Evolution of Foreign Assistance Theories and Doctrines -- International Development in the American Grain : From Point Four to the Present -- Evolving Roles of the Military -- Complementarity of Security and Development Doctrines : Historical Cases and Aftermaths -- Conclusion : Linkages and Challenges.</subfield>
  </datafield>
  <datafield tag="650" ind1=" " ind2="0">
    <subfield code="a">Economic development</subfield>
    <subfield code="z">Developing countries.</subfield>
  </datafield>
  <datafield tag="650" ind1=" " ind2="0">
    <subfield code="a">Economic assistance</subfield>
    <subfield code="z">Developing countries.</subfield>
  </datafield>
  <datafield tag="650" ind1=" " ind2="0">
    <subfield code="a">Internal security</subfield>
    <subfield code="z">Developing countries.</subfield>
  </datafield>
  <datafield tag="651" ind1=" " ind2="0">
    <subfield code="a">Developing countries</subfield>
    <subfield code="x">Economic conditions.</subfield>
  </datafield>
  <datafield tag="856" ind1="4" ind2="2">
    <subfield code="3">Contributor biographical information</subfield>
    <subfield code="u">http://www.loc.gov/catdir/enhancements/fy1509/2015022379-b.html</subfield>
  </datafield>
  <datafield tag="856" ind1="4" ind2="2">
    <subfield code="3">Publisher description</subfield>
    <subfield code="u">http://www.loc.gov/catdir/enhancements/fy1509/2015022379-d.html</subfield>
  </datafield>
  <datafield tag="856" ind1="4" ind2="1">
    <subfield code="3">Table of contents only</subfield>
    <subfield code="u">http://www.loc.gov/catdir/enhancements/fy1509/2015022379-t.html</subfield>
  </datafield>
</record>