
<record>
  <leader>02560cam a22005417i 4500</leader>
  <controlfield tag="001">18671343</controlfield>
  <controlfield tag="005">20200103120653.0</controlfield>
  <controlfield tag="008">150623s2015    cc acf        000 0 chi  </controlfield>
  <datafield tag="906" ind1=" " ind2=" ">
    <subfield code="a">7</subfield>
    <subfield code="b">cbc</subfield>
    <subfield code="c">orignew</subfield>
    <subfield code="d">3</subfield>
    <subfield code="e">ncip</subfield>
    <subfield code="f">20</subfield>
    <subfield code="g">y-nonroman</subfield>
  </datafield>
  <datafield tag="925" ind1="0" ind2=" ">
    <subfield code="a">acquire</subfield>
    <subfield code="b">1 shelf copy</subfield>
    <subfield code="x">policy default</subfield>
  </datafield>
  <datafield tag="955" ind1=" " ind2=" ">
    <subfield code="a">CNP to LC 2015-06-24</subfield>
    <subfield code="i">cc07 2015-11-27 (rev. cc06 2016-01-27) to Asian</subfield>
    <subfield code="u">cc14 2017-07-14</subfield>
  </datafield>
  <datafield tag="010" ind1=" " ind2=" ">
    <subfield code="a">  2015367611</subfield>
  </datafield>
  <datafield tag="020" ind1=" " ind2=" ">
    <subfield code="a">9787513029681</subfield>
  </datafield>
  <datafield tag="020" ind1=" " ind2=" ">
    <subfield code="a">7513029687</subfield>
  </datafield>
  <datafield tag="035" ind1=" " ind2=" ">
    <subfield code="a">(OCoLC)ocn911444540</subfield>
  </datafield>
  <datafield tag="040" ind1=" " ind2=" ">
    <subfield code="a">DLC</subfield>
    <subfield code="b">eng</subfield>
    <subfield code="e">rda</subfield>
    <subfield code="c">DLC</subfield>
    <subfield code="d">DLC</subfield>
  </datafield>
  <datafield tag="043" ind1=" " ind2=" ">
    <subfield code="a">a-cc-yu</subfield>
  </datafield>
  <datafield tag="050" ind1="0" ind2="0">
    <subfield code="a">GR336.J527</subfield>
    <subfield code="b">Z46 2015</subfield>
  </datafield>
  <datafield tag="066" ind1=" " ind2=" ">
    <subfield code="c">$1</subfield>
  </datafield>
  <datafield tag="245" ind1="0" ind2="0">
    <subfield code="6">880-01</subfield>
    <subfield code="a">Zhongguo min jian gu shi cong shu.</subfield>
    <subfield code="p">Yunnan Yuxi.</subfield>
    <subfield code="p">Jiangchuan juan = Chinese folk tales series /</subfield>
    <subfield code="c">Zhongguo min jian wen yi jia xie hui zu zhi bian xie ; zong zhu bian Luo Yang ; ben juan zhu bian Ye Zilin.</subfield>
  </datafield>
  <datafield tag="880" ind1="0" ind2="0">
    <subfield code="6">245-01/$1</subfield>
    <subfield code="a">中国民间故事丛书.</subfield>
    <subfield code="p">云南玉溪.</subfield>
    <subfield code="p">江川卷 = Chinese folk tales series /</subfield>
    <subfield code="c">中国民间文艺家协会组织编写 ; 总主编罗杨 ; 本卷主编叶自林.</subfield>
  </datafield>
  <datafield tag="246" ind1="3" ind2="0">
    <subfield code="6">880-02</subfield>
    <subfield code="a">Yunnan Yuxi.</subfield>
    <subfield code="p">Jiangchuan juan</subfield>
  </datafield>
  <datafield tag="880" ind1="3" ind2="0">
    <subfield code="6">246-02/$1</subfield>
    <subfield code="a">云南玉溪.</subfield>
    <subfield code="p">江川卷</subfield>
  </datafield>
  <datafield tag="246" ind1="1" ind2="4">
    <subfield code="a">Chinese folk tales series</subfield>
  </datafield>
  <datafield tag="250" ind1=" " ind2=" ">
    <subfield code="6">880-03</subfield>
    <subfield code="a">Di 1 ban.</subfield>
  </datafield>
  <datafield tag="880" ind1=" " ind2=" ">
    <subfield code="6">250-03/$1</subfield>
    <subfield code="a">第 1 版.</subfield>
  </datafield>
  <datafield tag="264" ind1=" " ind2="1">
    <subfield code="6">880-04</subfield>
    <subfield code="a">Beijing Shi :</subfield>
    <subfield code="b">Zhi shi chan quan chu ban she,</subfield>
    <subfield code="c">2015.</subfield>
  </datafield>
  <datafield tag="880" ind1=" " ind2="1">
    <subfield code="6">264-04/$1</subfield>
    <subfield code="a">北京市 :</subfield>
    <subfield code="b">知识产权出版社,</subfield>
    <subfield code="c">2015.</subfield>
  </datafield>
  <datafield tag="300" ind1=" " ind2=" ">
    <subfield code="a">318 pages, 10 unnumbered pages of plates :</subfield>
    <subfield code="b">color illustrations, portraits ;</subfield>
    <subfield code="c">24 cm.</subfield>
  </datafield>
  <datafield tag="336" ind1=" " ind2=" ">
    <subfield code="a">text</subfield>
    <subfield code="b">txt</subfield>
    <subfield code="2">rdacontent</subfield>
  </datafield>
  <datafield tag="337" ind1=" " ind2=" ">
    <subfield code="a">unmediated</subfield>
    <subfield code="b">n</subfield>
    <subfield code="2">rdamedia</subfield>
  </datafield>
  <datafield tag="338" ind1=" " ind2=" ">
    <subfield code="a">volume</subfield>
    <subfield code="b">nc</subfield>
    <subfield code="2">rdacarrier</subfield>
  </datafield>
  <datafield tag="490" ind1="0" ind2=" ">
    <subfield code="6">880-05</subfield>
    <subfield code="a">Zhongguo min jian wen hua yi chan qiang jiu gong cheng =</subfield>
    <subfield code="a">The project to rescue Chinese folk cultural heritages</subfield>
  </datafield>
  <datafield tag="880" ind1="0" ind2=" ">
    <subfield code="6">490-05/$1</subfield>
    <subfield code="a">中国民间文化遗产抢救工程 =</subfield>
    <subfield code="a">The project to rescue Chinese folk cultural heritages</subfield>
  </datafield>
  <datafield tag="650" ind1=" " ind2="0">
    <subfield code="a">Tales</subfield>
    <subfield code="z">China</subfield>
    <subfield code="z">Yuxi (Yunnan Sheng)</subfield>
  </datafield>
  <datafield tag="650" ind1=" " ind2="0">
    <subfield code="a">Legends</subfield>
    <subfield code="z">China</subfield>
    <subfield code="z">Yuxi (Yunnan Sheng)</subfield>
  </datafield>
  <datafield tag="650" ind1=" " ind2="0">
    <subfield code="a">Folklore</subfield>
    <subfield code="z">China</subfield>
    <subfield code="z">Yuxi (Yunnan Sheng)</subfield>
  </datafield>
  <datafield tag="651" ind1=" " ind2="0">
    <subfield code="6">880-06</subfield>
    <subfield code="a">Jiangchuan Qu (Yuxi, China)</subfield>
  </datafield>
  <datafield tag="880" ind1=" " ind2="4">
    <subfield code="6">651-06/$1</subfield>
    <subfield code="a">江川区 (Yuxi, China)</subfield>
  </datafield>
  <datafield tag="700" ind1="1" ind2=" ">
    <subfield code="6">880-07</subfield>
    <subfield code="a">Luo, Yang,</subfield>
    <subfield code="e">editor.</subfield>
  </datafield>
  <datafield tag="880" ind1="1" ind2=" ">
    <subfield code="6">700-07/$1</subfield>
    <subfield code="a">罗杨,</subfield>
    <subfield code="e">editor.</subfield>
  </datafield>
  <datafield tag="700" ind1="1" ind2=" ">
    <subfield code="6">880-08</subfield>
    <subfield code="a">Ye, Zilin,</subfield>
    <subfield code="e">editor.</subfield>
  </datafield>
  <datafield tag="880" ind1="1" ind2=" ">
    <subfield code="6">700-08/$1</subfield>
    <subfield code="a">叶自林,</subfield>
    <subfield code="e">editor.</subfield>
  </datafield>
  <datafield tag="710" ind1="2" ind2=" ">
    <subfield code="6">880-09</subfield>
    <subfield code="a">Zhongguo min jian wen yi jia xie hui,</subfield>
    <subfield code="e">editor.</subfield>
  </datafield>
  <datafield tag="880" ind1="2" ind2=" ">
    <subfield code="6">710-09/$1</subfield>
    <subfield code="a">中国民间文艺家协会,</subfield>
    <subfield code="e">editor.</subfield>
  </datafield>
  <datafield tag="923" ind1=" " ind2=" ">
    <subfield code="d">20150623</subfield>
    <subfield code="n">T201500553</subfield>
    <subfield code="s">CNP</subfield>
  </datafield>
  <datafield tag="952" ind1=" " ind2=" ">
    <subfield code="a">&quot;700 Luo Yang&quot; not under authority control</subfield>
  </datafield>
  <datafield tag="985" ind1=" " ind2=" ">
    <subfield code="a">CNP load</subfield>
    <subfield code="d">2015-06-24</subfield>
  </datafield>
</record>