
<record>
  <leader>04194cam a22003737i 4500</leader>
  <controlfield tag="001">18672031</controlfield>
  <controlfield tag="005">20200103120654.0</controlfield>
  <controlfield tag="008">150624s2015    nyu      b    000 0 eng  </controlfield>
  <datafield tag="906" ind1=" " ind2=" ">
    <subfield code="a">7</subfield>
    <subfield code="b">cbc</subfield>
    <subfield code="c">orignew</subfield>
    <subfield code="d">1</subfield>
    <subfield code="e">ecip</subfield>
    <subfield code="f">20</subfield>
    <subfield code="g">y-gencatlg</subfield>
  </datafield>
  <datafield tag="925" ind1="0" ind2=" ">
    <subfield code="a">acquire</subfield>
    <subfield code="b">1 shelf copy</subfield>
    <subfield code="x">policy default</subfield>
  </datafield>
  <datafield tag="955" ind1=" " ind2=" ">
    <subfield code="b">rm13 2015-06-24</subfield>
    <subfield code="i">rm13 2015-06-24 ONIX</subfield>
    <subfield code="w">xl06 2015-06-24</subfield>
    <subfield code="a">rm13 2015-09-29 eCIP chg. request</subfield>
    <subfield code="a">xn08 2016-02-01 1 copy rec&apos;d., to CIP ver.</subfield>
    <subfield code="f">rm06 2016-02-11 to CALM</subfield>
  </datafield>
  <datafield tag="010" ind1=" " ind2=" ">
    <subfield code="a">  2015004347</subfield>
  </datafield>
  <datafield tag="020" ind1=" " ind2=" ">
    <subfield code="a">9781627792868 (hardback)</subfield>
  </datafield>
  <datafield tag="020" ind1=" " ind2=" ">
    <subfield code="z">9781627792875 (ebook)</subfield>
  </datafield>
  <datafield tag="040" ind1=" " ind2=" ">
    <subfield code="a">DLC</subfield>
    <subfield code="b">eng</subfield>
    <subfield code="c">DLC</subfield>
    <subfield code="e">rda</subfield>
    <subfield code="d">DLC</subfield>
  </datafield>
  <datafield tag="050" ind1="0" ind2="0">
    <subfield code="a">HM1106</subfield>
    <subfield code="b">.W75 2015</subfield>
  </datafield>
  <datafield tag="082" ind1="0" ind2="0">
    <subfield code="a">302.02/07</subfield>
    <subfield code="2">23</subfield>
  </datafield>
  <datafield tag="084" ind1=" " ind2=" ">
    <subfield code="a">HIS049000</subfield>
    <subfield code="a">HUM012000</subfield>
    <subfield code="a">FAM029000</subfield>
    <subfield code="2">bisacsh</subfield>
  </datafield>
  <datafield tag="100" ind1="1" ind2=" ">
    <subfield code="a">Wright, Jennifer Ashley,</subfield>
    <subfield code="d">1986-</subfield>
  </datafield>
  <datafield tag="245" ind1="1" ind2="0">
    <subfield code="a">It ended badly :</subfield>
    <subfield code="b">thirteen of the worst breakups in history /</subfield>
    <subfield code="c">Jennifer Wright.</subfield>
  </datafield>
  <datafield tag="264" ind1=" " ind2="1">
    <subfield code="a">New York :</subfield>
    <subfield code="b">Henry Holt and Co.,</subfield>
    <subfield code="c">[2015]</subfield>
  </datafield>
  <datafield tag="300" ind1=" " ind2=" ">
    <subfield code="a">xii, 240 pages ;</subfield>
    <subfield code="c">22 cm</subfield>
  </datafield>
  <datafield tag="336" ind1=" " ind2=" ">
    <subfield code="a">text</subfield>
    <subfield code="2">rdacontent</subfield>
  </datafield>
  <datafield tag="337" ind1=" " ind2=" ">
    <subfield code="a">unmediated</subfield>
    <subfield code="2">rdamedia</subfield>
  </datafield>
  <datafield tag="338" ind1=" " ind2=" ">
    <subfield code="a">volume</subfield>
    <subfield code="2">rdacarrier</subfield>
  </datafield>
  <datafield tag="504" ind1=" " ind2=" ">
    <subfield code="a">Includes bibliographical references (pages 229-238).</subfield>
  </datafield>
  <datafield tag="520" ind1=" " ind2=" ">
    <subfield code="a">&quot;A humorous, well-researched pop history of the disastrous love lives of prominent historical figures, from Lord Byron to Elizabeth TaylorIf you are lying in bed right now, a pint of ice cream in one hand, a bottle of scotch in the other, and this book clenched between your teeth (one tooth is missing from last night&apos;s bar fight), with tears streaming down your face over how much you loved, loved, loved your ex, let me commend you on how well you are coping. You could be doing so much worse. So much worse. You could be beheading your ex, or castrating strangers, or starting an exciting new life with a sex doll. YOU ARE A HERO.In It Ended Badly, New York Observer columnist Jennifer Wright guides you through thirteen of the worst breakups of notable figures in history--from Emperor Nero (sadist, murderer several times over), to Viennese artist Oskar Kokoschka (he of the aforementioned sex doll), to Norman Mailer (public stabbing). With her conversational tone and considerable wit, Wright digs deep into the archives to bring these terrible breakups to life. It&apos;s fun, pop history that educates, entertains, and really puts your own bad breakup behavior into perspective. It Ended Badly is for anyone who&apos;s loved and lost and maybe sent one too many ill-considered, late-night emails to their ex--reminding us that no matter how badly we&apos;ve behaved, no one is as bad as Henry VIII&quot;--</subfield>
    <subfield code="c">Provided by publisher.</subfield>
  </datafield>
  <datafield tag="520" ind1=" " ind2=" ">
    <subfield code="a">&quot;If you are lying in bed right now, a pint of ice cream in one hand, a bottle of scotch in the other, and this book clenched between your teeth (one tooth is missing from last night&apos;s bar fight), with tears streaming down your face over how much you loved, loved, loved your ex, let me commend you on how well you are coping. You could be doing so much worse. So much worse. You could be beheading your ex, or castrating strangers, or starting an exciting new life with a sex doll. YOU ARE A HERO. In It Ended Badly, New York Observer columnist Jennifer Wright guides you through thirteen of the worst breakups of notable figures in history--from Emperor Nero (sadist, murderer several times over), to Viennese artist Oskar Kokoschka (he of the aforementioned sex doll), to Norman Mailer (public stabbing). With her conversational tone and considerable wit, Wright digs deep into the archives to bring these terrible breakups to life. It&apos;s fun, pop history that educates, entertains, and really puts your own bad breakup behavior into perspective. It Ended Badly is for anyone who&apos;s loved and lost and maybe sent one too many ill-considered, late-night emails to their ex--reminding us that no matter how badly we&apos;ve behaved, no one is as bad as Henry VIII&quot;--</subfield>
    <subfield code="c">Provided by publisher.</subfield>
  </datafield>
  <datafield tag="650" ind1=" " ind2="0">
    <subfield code="a">Interpersonal relations</subfield>
    <subfield code="v">Humor.</subfield>
  </datafield>
  <datafield tag="650" ind1=" " ind2="0">
    <subfield code="a">Love</subfield>
    <subfield code="v">Humor.</subfield>
  </datafield>
  <datafield tag="650" ind1=" " ind2="7">
    <subfield code="a">HISTORY / Essays.</subfield>
    <subfield code="2">bisacsh</subfield>
  </datafield>
  <datafield tag="650" ind1=" " ind2="7">
    <subfield code="a">HUMOR / Topic / Relationships.</subfield>
    <subfield code="2">bisacsh</subfield>
  </datafield>
  <datafield tag="650" ind1=" " ind2="7">
    <subfield code="a">FAMILY &amp; RELATIONSHIPS / Love &amp; Romance.</subfield>
    <subfield code="2">bisacsh</subfield>
  </datafield>
  <datafield tag="856" ind1="4" ind2="2">
    <subfield code="3">Cover image</subfield>
    <subfield code="u">http://www.netread.com/jcusers2/bk1388/868/9781627792868/image/lgcover.9781627792868.jpg</subfield>
  </datafield>
</record>