
<record>
  <leader>03131cam a22003737i 4500</leader>
  <controlfield tag="001">18675669</controlfield>
  <controlfield tag="005">20200103150459.0</controlfield>
  <controlfield tag="008">150626s2016    vaua     b    001 0 eng  </controlfield>
  <datafield tag="906" ind1=" " ind2=" ">
    <subfield code="a">7</subfield>
    <subfield code="b">cbc</subfield>
    <subfield code="c">orignew</subfield>
    <subfield code="d">1</subfield>
    <subfield code="e">ecip</subfield>
    <subfield code="f">20</subfield>
    <subfield code="g">y-gencatlg</subfield>
  </datafield>
  <datafield tag="925" ind1="0" ind2=" ">
    <subfield code="a">acquire</subfield>
    <subfield code="b">1 shelf copy</subfield>
    <subfield code="x">policy default</subfield>
    <subfield code="e">claim1  2016-04-05</subfield>
  </datafield>
  <datafield tag="955" ind1=" " ind2=" ">
    <subfield code="b">rl11 2015-06-26</subfield>
    <subfield code="i">rl11 2015-06-26 ONIX to Dewey</subfield>
    <subfield code="w">xl05 2015-06-26 (telework)</subfield>
    <subfield code="a">xn14 2016-06-01 1 copy rec&apos;d., to CIP ver.</subfield>
    <subfield code="f">rl06 2016-07-12 to BCCD</subfield>
  </datafield>
  <datafield tag="010" ind1=" " ind2=" ">
    <subfield code="a">  2015018201</subfield>
  </datafield>
  <datafield tag="020" ind1=" " ind2=" ">
    <subfield code="a">9781580405652 (paperback)</subfield>
  </datafield>
  <datafield tag="040" ind1=" " ind2=" ">
    <subfield code="a">DLC</subfield>
    <subfield code="b">eng</subfield>
    <subfield code="c">DLC</subfield>
    <subfield code="e">rda</subfield>
    <subfield code="d">DLC</subfield>
  </datafield>
  <datafield tag="050" ind1="0" ind2="0">
    <subfield code="a">RC662</subfield>
    <subfield code="b">.R514 2016</subfield>
  </datafield>
  <datafield tag="082" ind1="0" ind2="0">
    <subfield code="a">641.5/6314</subfield>
    <subfield code="2">23</subfield>
  </datafield>
  <datafield tag="084" ind1=" " ind2=" ">
    <subfield code="a">CKB025000</subfield>
    <subfield code="a">HEA039050</subfield>
    <subfield code="a">CKB047000</subfield>
    <subfield code="a">CKB055000</subfield>
    <subfield code="2">bisacsh</subfield>
  </datafield>
  <datafield tag="100" ind1="1" ind2=" ">
    <subfield code="a">Riolo, Amy.</subfield>
  </datafield>
  <datafield tag="245" ind1="1" ind2="4">
    <subfield code="a">The Italian diabetes cookbook :</subfield>
    <subfield code="b">delicious and healthful dishes from venice to sicily and beyond /</subfield>
    <subfield code="c">Amy Riolo.</subfield>
  </datafield>
  <datafield tag="264" ind1=" " ind2="1">
    <subfield code="a">Alexandria, Virginia :</subfield>
    <subfield code="b">American Diabetes Association,</subfield>
    <subfield code="c">[2016]</subfield>
  </datafield>
  <datafield tag="300" ind1=" " ind2=" ">
    <subfield code="a">xii, 315 pages :</subfield>
    <subfield code="b">color illustrations ;</subfield>
    <subfield code="c">23 cm</subfield>
  </datafield>
  <datafield tag="336" ind1=" " ind2=" ">
    <subfield code="a">text</subfield>
    <subfield code="2">rdacontent</subfield>
  </datafield>
  <datafield tag="337" ind1=" " ind2=" ">
    <subfield code="a">unmediated</subfield>
    <subfield code="2">rdamedia</subfield>
  </datafield>
  <datafield tag="338" ind1=" " ind2=" ">
    <subfield code="a">volume</subfield>
    <subfield code="2">rdacarrier</subfield>
  </datafield>
  <datafield tag="520" ind1=" " ind2=" ">
    <subfield code="a">&quot;Contrary to popular belief, Italian food is the perfect cuisine for those looking for heart healthy and diabetes-friendly dishes. Real Italian food, that is, which is healthful, delicious, and the most popular cuisine in the world. At its core, classic Italian cuisine is all about preparing fresh ingredients like fruits and vegetables, whole grains, beans, legumes, dairy, seafood, and poultry in time-honored techniques that preserve both tradition and flavor. In the Italian Diabetes Cookbook, award-winning author Amy Riolo looks to honor this tradition with 150 easy-to-prepare, satisfying, and robust Italian dishes that can be enjoyed by the whole family - while helping fine food lovers everywhere achieve their health goals.  Inspiration for this book came to Amy when she visited her ancestral hometown of Crotone, Italy, for the first time. Each recipe includes notes on the history and cultural importance of each dish, and most contain wine pairings - an essential part of any authentic Italian meal! Highlights include: Ricotta, Grilled Eggplant, and Fresh Mint Bruschetta; Whole-Wheat Ziti with Goat Ragu; Swordfish with Olives, Capers, Herbs, and Tomatoes; Red Pepper, Yellow Tomato, and Artichoke Salad; Espresso Panna Cotta; and many more! &quot;--</subfield>
    <subfield code="c">Provided by publisher.</subfield>
  </datafield>
  <datafield tag="520" ind1=" " ind2=" ">
    <subfield code="a">&quot;This book will help the reader see that Italian food is not off limits for people with diabetes. It will help change the way Italian cuisine is viewed abroad, and demonstrate ways in which traditional Italian food can be part of a diabetes-friendly eating plan&quot;--</subfield>
    <subfield code="c">Provided by publisher.</subfield>
  </datafield>
  <datafield tag="504" ind1=" " ind2=" ">
    <subfield code="a">Includes bibliographical references and index.</subfield>
  </datafield>
  <datafield tag="650" ind1=" " ind2="0">
    <subfield code="a">Diabetes</subfield>
    <subfield code="x">Diet therapy</subfield>
    <subfield code="v">Recipes.</subfield>
  </datafield>
  <datafield tag="650" ind1=" " ind2="0">
    <subfield code="a">Cooking, Italian.</subfield>
  </datafield>
  <datafield tag="650" ind1=" " ind2="7">
    <subfield code="a">COOKING / Health &amp; Healing / Diabetic &amp; Sugar-Free.</subfield>
    <subfield code="2">bisacsh</subfield>
  </datafield>
  <datafield tag="650" ind1=" " ind2="7">
    <subfield code="a">HEALTH &amp; FITNESS / Diseases / Diabetes.</subfield>
    <subfield code="2">bisacsh</subfield>
  </datafield>
  <datafield tag="650" ind1=" " ind2="7">
    <subfield code="a">COOKING / Regional &amp; Ethnic / Italian.</subfield>
    <subfield code="2">bisacsh</subfield>
  </datafield>
  <datafield tag="650" ind1=" " ind2="7">
    <subfield code="a">COOKING / Regional &amp; Ethnic / Mediterranean.</subfield>
    <subfield code="2">bisacsh</subfield>
  </datafield>
  <datafield tag="655" ind1=" " ind2="7">
    <subfield code="a">Cookbooks.</subfield>
    <subfield code="2">lcgft</subfield>
  </datafield>
</record>