
<record>
  <leader>02258cam a22004097i 4500</leader>
  <controlfield tag="001">18675862</controlfield>
  <controlfield tag="005">20200103120655.0</controlfield>
  <controlfield tag="008">150626t20152015scuabch       000 0 eng c</controlfield>
  <datafield tag="906" ind1=" " ind2=" ">
    <subfield code="a">7</subfield>
    <subfield code="b">cbc</subfield>
    <subfield code="c">pccadap</subfield>
    <subfield code="d">2</subfield>
    <subfield code="e">ncip</subfield>
    <subfield code="f">20</subfield>
    <subfield code="g">y-gencatlg</subfield>
  </datafield>
  <datafield tag="925" ind1="0" ind2=" ">
    <subfield code="a">acquire</subfield>
    <subfield code="b">1 shelf copy</subfield>
    <subfield code="x">policy default</subfield>
  </datafield>
  <datafield tag="955" ind1=" " ind2=" ">
    <subfield code="b">rm05 2017-07-13 z-processor</subfield>
    <subfield code="i">rm05 2017-07-17 to Dewey</subfield>
  </datafield>
  <datafield tag="010" ind1=" " ind2=" ">
    <subfield code="a">  2015945065</subfield>
  </datafield>
  <datafield tag="020" ind1=" " ind2=" ">
    <subfield code="a">1626195854</subfield>
  </datafield>
  <datafield tag="020" ind1=" " ind2=" ">
    <subfield code="a">9781626195851</subfield>
  </datafield>
  <datafield tag="035" ind1=" " ind2=" ">
    <subfield code="a">(OCoLC)ocn913768364</subfield>
  </datafield>
  <datafield tag="040" ind1=" " ind2=" ">
    <subfield code="a">YDXCP</subfield>
    <subfield code="b">eng</subfield>
    <subfield code="c">YDXCP</subfield>
    <subfield code="e">rda</subfield>
    <subfield code="d">BTCTA</subfield>
    <subfield code="d">BDX</subfield>
    <subfield code="d">OCLCQ</subfield>
    <subfield code="d">NOC</subfield>
    <subfield code="d">OCLCF</subfield>
    <subfield code="d">DLC</subfield>
  </datafield>
  <datafield tag="043" ind1=" " ind2=" ">
    <subfield code="a">n-us-nc</subfield>
  </datafield>
  <datafield tag="050" ind1="0" ind2="0">
    <subfield code="a">BF1472.U6</subfield>
    <subfield code="b">B727 2015</subfield>
  </datafield>
  <datafield tag="100" ind1="1" ind2=" ">
    <subfield code="a">Bricker, Michael L.,</subfield>
    <subfield code="e">author.</subfield>
  </datafield>
  <datafield tag="245" ind1="1" ind2="0">
    <subfield code="a">Haunted Winston-Salem /</subfield>
    <subfield code="c">Michael Bricker.</subfield>
  </datafield>
  <datafield tag="264" ind1=" " ind2="1">
    <subfield code="a">Charleston, SC :</subfield>
    <subfield code="b">Haunted America,</subfield>
    <subfield code="c">2015.</subfield>
  </datafield>
  <datafield tag="264" ind1=" " ind2="4">
    <subfield code="c">©2015</subfield>
  </datafield>
  <datafield tag="300" ind1=" " ind2=" ">
    <subfield code="a">174 pages :</subfield>
    <subfield code="b">illustrations, facsimile, maps, portraits ;</subfield>
    <subfield code="c">23 cm</subfield>
  </datafield>
  <datafield tag="336" ind1=" " ind2=" ">
    <subfield code="a">text</subfield>
    <subfield code="b">txt</subfield>
    <subfield code="2">rdacontent</subfield>
  </datafield>
  <datafield tag="337" ind1=" " ind2=" ">
    <subfield code="a">unmediated</subfield>
    <subfield code="b">n</subfield>
    <subfield code="2">rdamedia</subfield>
  </datafield>
  <datafield tag="338" ind1=" " ind2=" ">
    <subfield code="a">volume</subfield>
    <subfield code="b">nc</subfield>
    <subfield code="2">rdacarrier</subfield>
  </datafield>
  <datafield tag="504" ind1=" " ind2=" ">
    <subfield code="a">Includes bibliographical references (pages 173-174).</subfield>
  </datafield>
  <datafield tag="505" ind1="0" ind2=" ">
    <subfield code="a">The paper mill and the ragman -- The witches of West Salem -- A bridge too far -- The booger comes at night -- The caves of West Salem -- The shaman -- The girl in the window -- The spooky suburb of Salem -- The haunted city block -- The old tobacco wagon still rolls -- Salem Cemetery horror -- An occurrence at the Masonic Temple -- The last picture show -- The old dark house -- The devil will get you if you don&apos;t watch out -- Westdale and the wall to nowhere -- The house that moved -- The chanting monks -- The haunted painting -- The game that would not end -- The hermit of Shallowford Street -- The poor little lost boy -- Granville School mystery -- The white-haired man -- The haunted grocery store.</subfield>
  </datafield>
  <datafield tag="650" ind1=" " ind2="0">
    <subfield code="a">Haunted places</subfield>
    <subfield code="z">North Carolina</subfield>
    <subfield code="z">Winston-Salem.</subfield>
  </datafield>
  <datafield tag="650" ind1=" " ind2="0">
    <subfield code="a">Ghosts</subfield>
    <subfield code="z">North Carolina</subfield>
    <subfield code="z">Winston-Salem.</subfield>
  </datafield>
  <datafield tag="651" ind1=" " ind2="0">
    <subfield code="a">Winston-Salem (N.C.)</subfield>
    <subfield code="x">History</subfield>
    <subfield code="v">Anecdotes.</subfield>
  </datafield>
  <datafield tag="650" ind1=" " ind2="7">
    <subfield code="a">Ghosts.</subfield>
    <subfield code="2">fast</subfield>
    <subfield code="0">(OCoLC)fst00942434</subfield>
  </datafield>
  <datafield tag="650" ind1=" " ind2="7">
    <subfield code="a">Haunted places.</subfield>
    <subfield code="2">fast</subfield>
    <subfield code="0">(OCoLC)fst00951930</subfield>
  </datafield>
  <datafield tag="651" ind1=" " ind2="7">
    <subfield code="a">North Carolina</subfield>
    <subfield code="z">Winston-Salem.</subfield>
    <subfield code="2">fast</subfield>
    <subfield code="0">(OCoLC)fst01206125</subfield>
  </datafield>
  <datafield tag="655" ind1=" " ind2="7">
    <subfield code="a">Anecdotes.</subfield>
    <subfield code="2">fast</subfield>
    <subfield code="0">(OCoLC)fst01423876</subfield>
  </datafield>
  <datafield tag="655" ind1=" " ind2="7">
    <subfield code="a">History.</subfield>
    <subfield code="2">fast</subfield>
    <subfield code="0">(OCoLC)fst01411628</subfield>
  </datafield>
  <datafield tag="830" ind1=" " ind2="0">
    <subfield code="a">Haunted America (Charleston, S.C.)</subfield>
  </datafield>
</record>