
<record>
  <leader>02323cam a22003497i 4500</leader>
  <controlfield tag="001">18676160</controlfield>
  <controlfield tag="005">20200103120656.0</controlfield>
  <controlfield tag="008">150604s2015    ru            000 0 rus  </controlfield>
  <datafield tag="906" ind1=" " ind2=" ">
    <subfield code="a">7</subfield>
    <subfield code="b">cbc</subfield>
    <subfield code="c">origres</subfield>
    <subfield code="d">3</subfield>
    <subfield code="e">ncip</subfield>
    <subfield code="f">20</subfield>
    <subfield code="g">y-nonroman</subfield>
  </datafield>
  <datafield tag="925" ind1="0" ind2=" ">
    <subfield code="a">acquire</subfield>
    <subfield code="b">1 shelf copy</subfield>
    <subfield code="x">policy default</subfield>
  </datafield>
  <datafield tag="955" ind1=" " ind2=" ">
    <subfield code="b">fe15 2015-08-11 telework to cat.</subfield>
    <subfield code="a">fe00 2015-08-17 to GS/RUS</subfield>
    <subfield code="h">fe12 2019-02-21 telework to shelf</subfield>
  </datafield>
  <datafield tag="010" ind1=" " ind2=" ">
    <subfield code="a">  2015434519</subfield>
  </datafield>
  <datafield tag="020" ind1=" " ind2=" ">
    <subfield code="a">9785839905269 (pbk.)</subfield>
  </datafield>
  <datafield tag="035" ind1=" " ind2=" ">
    <subfield code="a">(RuMoEVIS)ev1135421B</subfield>
  </datafield>
  <datafield tag="040" ind1=" " ind2=" ">
    <subfield code="a">DLC</subfield>
    <subfield code="b">eng</subfield>
    <subfield code="e">rda</subfield>
    <subfield code="c">DLC</subfield>
  </datafield>
  <datafield tag="050" ind1="0" ind2="0">
    <subfield code="a">MLCS 2019/40903 (P)</subfield>
  </datafield>
  <datafield tag="066" ind1=" " ind2=" ">
    <subfield code="c">(N</subfield>
  </datafield>
  <datafield tag="111" ind1="2" ind2=" ">
    <subfield code="6">880-01</subfield>
    <subfield code="a">Mezhdunarodnai︠a︡ nauchno-prakticheskai︠︡a konferent︠s︡ii︠a︡, posveshchennai︠a︡ 125-letii︠u︡ so dni︠a︡ rozhdenii︠a︡ B. Pasternaka</subfield>
    <subfield code="d">(2015 :</subfield>
    <subfield code="c">Chistopolʹʹ Russia)</subfield>
  </datafield>
  <datafield tag="880" ind1="2" ind2=" ">
    <subfield code="6">111-01/(N</subfield>
    <subfield code="a">Международная научно-практическаиа конференция, посвещенная 125-летию со дня рождения Б. Пастернака</subfield>
    <subfield code="d">(2015 :</subfield>
    <subfield code="c">Чистопольь Руссиа)</subfield>
  </datafield>
  <datafield tag="245" ind1="1" ind2="0">
    <subfield code="6">880-02</subfield>
    <subfield code="a">Provint︠s︡ialʹnye stranit︠s︡y zhizni ... :</subfield>
    <subfield code="b">materialy Mezhdunarodnoĭ nauchno-prakticheskoĭ konferent︠s︡ii, posvi︠a︡shchennoĭ 125-letii︠u︡ so dni︠a︡ rozhdenii︠a︡ B. Pasternaka, g. Chistopolʹ, 27 fevrali︠a︡ 2015 g. /</subfield>
    <subfield code="c">Otvetstvennye za vypusk: Galimova Kh.N., Panʹkov, A.V.</subfield>
  </datafield>
  <datafield tag="880" ind1="1" ind2="0">
    <subfield code="6">245-02/(N</subfield>
    <subfield code="a">Провинциальные страницы жизни ... :</subfield>
    <subfield code="b">материалы Международной научно-практической конференции, посвященной 125-летию со дня рождения Б. Пастернака, г. Чистополь, 27 февраля 2015 г. /</subfield>
    <subfield code="c">Ответственные за выпуск: Галимова Х.Н., Паньков, А.В.</subfield>
  </datafield>
  <datafield tag="264" ind1=" " ind2="1">
    <subfield code="6">880-03</subfield>
    <subfield code="a">Kazanʹ :</subfield>
    <subfield code="b">Poznanie,</subfield>
    <subfield code="c">2015.</subfield>
  </datafield>
  <datafield tag="880" ind1=" " ind2="1">
    <subfield code="6">264-03/(N</subfield>
    <subfield code="a">Казань :</subfield>
    <subfield code="b">Познание,</subfield>
    <subfield code="c">2015.</subfield>
  </datafield>
  <datafield tag="300" ind1=" " ind2=" ">
    <subfield code="a">267 pages ;</subfield>
    <subfield code="c">21 cm</subfield>
  </datafield>
  <datafield tag="336" ind1=" " ind2=" ">
    <subfield code="a">text</subfield>
    <subfield code="b">txt</subfield>
    <subfield code="2">rdacontent</subfield>
  </datafield>
  <datafield tag="337" ind1=" " ind2=" ">
    <subfield code="a">unmediated</subfield>
    <subfield code="b">n</subfield>
    <subfield code="2">rdamedia</subfield>
  </datafield>
  <datafield tag="338" ind1=" " ind2=" ">
    <subfield code="a">volume</subfield>
    <subfield code="b">nc</subfield>
    <subfield code="2">rdacarrier</subfield>
  </datafield>
  <datafield tag="653" ind1="0" ind2=" ">
    <subfield code="a">Pasternak, Boris Leonidovich, 1890-1960;</subfield>
    <subfield code="a">Criticism and interpretation;</subfield>
    <subfield code="a">Congresses</subfield>
  </datafield>
  <datafield tag="700" ind1="1" ind2=" ">
    <subfield code="a">Galimova, Kh. N.,</subfield>
    <subfield code="e">editor.</subfield>
  </datafield>
  <datafield tag="700" ind1="1" ind2=" ">
    <subfield code="a">Panʹkov, A. V.,</subfield>
    <subfield code="e">editor.</subfield>
  </datafield>
  <datafield tag="923" ind1=" " ind2=" ">
    <subfield code="d">20150604</subfield>
    <subfield code="n">10129579</subfield>
    <subfield code="s">RuMoEVIS</subfield>
  </datafield>
  <datafield tag="985" ind1=" " ind2=" ">
    <subfield code="e">VENDOR LOAD</subfield>
  </datafield>
</record>