
<record>
  <leader>02690cam a22003977i 4500</leader>
  <controlfield tag="001">18682688</controlfield>
  <controlfield tag="005">20200103150500.0</controlfield>
  <controlfield tag="008">150701t20162016enka     b    001 0 eng c</controlfield>
  <datafield tag="906" ind1=" " ind2=" ">
    <subfield code="a">7</subfield>
    <subfield code="b">cbc</subfield>
    <subfield code="c">pccadap</subfield>
    <subfield code="d">2</subfield>
    <subfield code="e">ncip</subfield>
    <subfield code="f">20</subfield>
    <subfield code="g">y-gencatlg</subfield>
  </datafield>
  <datafield tag="925" ind1="0" ind2=" ">
    <subfield code="a">acquire</subfield>
    <subfield code="b">1 shelf copy</subfield>
    <subfield code="x">policy default</subfield>
  </datafield>
  <datafield tag="955" ind1=" " ind2=" ">
    <subfield code="b">rm08 2016-06-08 z-processor</subfield>
    <subfield code="i">rm06 2016-06-09 to Dewey</subfield>
    <subfield code="w">xm06 2016-07-20</subfield>
  </datafield>
  <datafield tag="955" ind1=" " ind2=" ">
    <subfield code="a">pc20 2015-07-01</subfield>
    <subfield code="a">xn11 2016-06-04 1 copy rec&apos;d., to USASH</subfield>
  </datafield>
  <datafield tag="010" ind1=" " ind2=" ">
    <subfield code="a">  2015945360</subfield>
  </datafield>
  <datafield tag="015" ind1=" " ind2=" ">
    <subfield code="a">GBB5E3950</subfield>
    <subfield code="2">bnb</subfield>
  </datafield>
  <datafield tag="020" ind1=" " ind2=" ">
    <subfield code="a">9780198701392 (hbk.)</subfield>
  </datafield>
  <datafield tag="020" ind1=" " ind2=" ">
    <subfield code="a">019870139X (hbk.)</subfield>
  </datafield>
  <datafield tag="035" ind1=" " ind2=" ">
    <subfield code="a">(OCoLC)ocn930691647</subfield>
  </datafield>
  <datafield tag="040" ind1=" " ind2=" ">
    <subfield code="a">EUM</subfield>
    <subfield code="b">eng</subfield>
    <subfield code="c">EUM</subfield>
    <subfield code="e">rda</subfield>
    <subfield code="d">OCLCO</subfield>
    <subfield code="d">OCLCF</subfield>
    <subfield code="d">OCLCQ</subfield>
    <subfield code="d">EYM</subfield>
    <subfield code="d">DGU</subfield>
    <subfield code="d">YDXCP</subfield>
    <subfield code="d">COO</subfield>
    <subfield code="d">SUC</subfield>
    <subfield code="d">DLC</subfield>
  </datafield>
  <datafield tag="050" ind1="0" ind2="0">
    <subfield code="a">HB72</subfield>
    <subfield code="b">.E2727 2016</subfield>
  </datafield>
  <datafield tag="082" ind1="0" ind2="0">
    <subfield code="a">174/.4</subfield>
    <subfield code="2">23</subfield>
  </datafield>
  <datafield tag="245" ind1="0" ind2="0">
    <subfield code="a">Economics and the virtues :</subfield>
    <subfield code="b">building a new moral foundation /</subfield>
    <subfield code="c">edited by Jennifer A. Baker and Mark D. White.</subfield>
  </datafield>
  <datafield tag="250" ind1=" " ind2=" ">
    <subfield code="a">First edition.</subfield>
  </datafield>
  <datafield tag="264" ind1=" " ind2="1">
    <subfield code="a">Oxford :</subfield>
    <subfield code="b">Oxford University Press,</subfield>
    <subfield code="c">2016.</subfield>
  </datafield>
  <datafield tag="264" ind1=" " ind2="4">
    <subfield code="c">©2016</subfield>
  </datafield>
  <datafield tag="300" ind1=" " ind2=" ">
    <subfield code="a">xiii, 265 pages :</subfield>
    <subfield code="b">illustrations ;</subfield>
    <subfield code="c">24 cm</subfield>
  </datafield>
  <datafield tag="336" ind1=" " ind2=" ">
    <subfield code="a">text</subfield>
    <subfield code="b">txt</subfield>
    <subfield code="2">rdacontent</subfield>
  </datafield>
  <datafield tag="337" ind1=" " ind2=" ">
    <subfield code="a">unmediated</subfield>
    <subfield code="b">n</subfield>
    <subfield code="2">rdamedia</subfield>
  </datafield>
  <datafield tag="338" ind1=" " ind2=" ">
    <subfield code="a">volume</subfield>
    <subfield code="b">nc</subfield>
    <subfield code="2">rdacarrier</subfield>
  </datafield>
  <datafield tag="504" ind1=" " ind2=" ">
    <subfield code="a">Includes bibliographical references and index</subfield>
  </datafield>
  <datafield tag="505" ind1="8" ind2=" ">
    <subfield code="a">Introduction / Jennifer A. Baker and Mark D. White -- part 1. Approaches to virtue and economics. Aristotelian virtue ethics and economic rationality / Christian U. Becker -- The Epicurians on happiness, wealth, and the deviant craft of property management / Tim O&apos;Keefe -- Economic good as indifferent: the stoics&apos; radical approach / Jennifer A. Baker -- Adam Smith on virtue, prosperity, and justice / James R. Otteson -- The virtues of a Kantian Econonomics / Mark D. White -- part 2. Virtue and economics in theory. On virtue economics / Michael Baurmann and Geoffrey Brennan -- The separation of economics from virtue: a historical-conceptual introduction / Eric Schliesser --  The space between choice and our models of it: practical wisdom and normative economics / Andrew M. Yuengert -- part 3. Virtue and economics in practice. Virtues of productivity versus techinicist rationality / Christine Swanton -- Virtues as social capital / David C. Rose -- Can trust, reprocity, and friendships survive contact with the market? / Seung (Ginny) Choi and Virgil Henry Storr -- Do markets corrupt? / Jason Brennan.</subfield>
  </datafield>
  <datafield tag="650" ind1=" " ind2="0">
    <subfield code="a">Economics</subfield>
    <subfield code="x">Moral and ethical aspects.</subfield>
  </datafield>
  <datafield tag="650" ind1=" " ind2="0">
    <subfield code="a">Virtues.</subfield>
  </datafield>
  <datafield tag="650" ind1=" " ind2="7">
    <subfield code="a">Economics</subfield>
    <subfield code="x">Moral and ethical aspects.</subfield>
    <subfield code="2">fast</subfield>
    <subfield code="0">(OCoLC)fst00902162</subfield>
  </datafield>
  <datafield tag="700" ind1="1" ind2=" ">
    <subfield code="a">Baker, Jennifer A.,</subfield>
    <subfield code="e">editor.</subfield>
  </datafield>
  <datafield tag="700" ind1="1" ind2=" ">
    <subfield code="a">White, Mark D.,</subfield>
    <subfield code="d">1971-</subfield>
    <subfield code="e">editor.</subfield>
  </datafield>
  <datafield tag="963" ind1=" " ind2=" ">
    <subfield code="a">Vaishnavi; phone: (+91) 44 43928300; email: A.Vaishnavi@spi-global.com; bc: heather.melvin@oup.com</subfield>
  </datafield>
</record>