
<record>
  <leader>03046cam a22003737i 4500</leader>
  <controlfield tag="001">18691404</controlfield>
  <controlfield tag="005">20200103150500.0</controlfield>
  <controlfield tag="008">150708s2016    nyuab    b    101 0 eng  </controlfield>
  <datafield tag="906" ind1=" " ind2=" ">
    <subfield code="a">7</subfield>
    <subfield code="b">cbc</subfield>
    <subfield code="c">origres</subfield>
    <subfield code="d">2</subfield>
    <subfield code="e">ncip</subfield>
    <subfield code="f">20</subfield>
    <subfield code="g">y-gencatlg</subfield>
  </datafield>
  <datafield tag="925" ind1="0" ind2=" ">
    <subfield code="a">acquire</subfield>
    <subfield code="b">1 shelf copy</subfield>
    <subfield code="x">policy default</subfield>
  </datafield>
  <datafield tag="955" ind1=" " ind2=" ">
    <subfield code="a">pc20 2015-07-08</subfield>
    <subfield code="a">xn08 2016-04-07 1 copy rec&apos;d., to USASH</subfield>
  </datafield>
  <datafield tag="955" ind1=" " ind2=" ">
    <subfield code="b">rk11 2019-05-07 z-processor</subfield>
    <subfield code="i">rk11 2019-05-07 to Dewey</subfield>
  </datafield>
  <datafield tag="010" ind1=" " ind2=" ">
    <subfield code="a">  2015946020</subfield>
  </datafield>
  <datafield tag="020" ind1=" " ind2=" ">
    <subfield code="a">0199654131</subfield>
  </datafield>
  <datafield tag="020" ind1=" " ind2=" ">
    <subfield code="a">9780199654130</subfield>
  </datafield>
  <datafield tag="040" ind1=" " ind2=" ">
    <subfield code="a">DLC</subfield>
    <subfield code="b">eng</subfield>
    <subfield code="e">rda</subfield>
    <subfield code="c">DLC</subfield>
    <subfield code="d">DLC</subfield>
  </datafield>
  <datafield tag="043" ind1=" " ind2=" ">
    <subfield code="a">e-gr---</subfield>
    <subfield code="a">e-it---</subfield>
  </datafield>
  <datafield tag="050" ind1="0" ind2="0">
    <subfield code="a">BL795.S47</subfield>
    <subfield code="b">H445 2016</subfield>
  </datafield>
  <datafield tag="245" ind1="0" ind2="0">
    <subfield code="a">Hellenistic sanctuaries :</subfield>
    <subfield code="b">between Greece and Rome /</subfield>
    <subfield code="c">edited by Milena Melfi and Olympia Bobou.</subfield>
  </datafield>
  <datafield tag="250" ind1=" " ind2=" ">
    <subfield code="a">First edition.</subfield>
  </datafield>
  <datafield tag="264" ind1=" " ind2="1">
    <subfield code="a">New York :</subfield>
    <subfield code="b">Oxford University Press,</subfield>
    <subfield code="c">2016.</subfield>
  </datafield>
  <datafield tag="300" ind1=" " ind2=" ">
    <subfield code="a">xvi, 325 pages :</subfield>
    <subfield code="b">illustrations, maps ;</subfield>
    <subfield code="c">23 cm</subfield>
  </datafield>
  <datafield tag="336" ind1=" " ind2=" ">
    <subfield code="a">text</subfield>
    <subfield code="b">txt</subfield>
    <subfield code="2">rdacontent</subfield>
  </datafield>
  <datafield tag="336" ind1=" " ind2=" ">
    <subfield code="a">still image</subfield>
    <subfield code="b">sti</subfield>
    <subfield code="2">rdacontent</subfield>
  </datafield>
  <datafield tag="337" ind1=" " ind2=" ">
    <subfield code="a">unmediated</subfield>
    <subfield code="b">n</subfield>
    <subfield code="2">rdamedia</subfield>
  </datafield>
  <datafield tag="338" ind1=" " ind2=" ">
    <subfield code="a">volume</subfield>
    <subfield code="b">nc</subfield>
    <subfield code="2">rdacarrier</subfield>
  </datafield>
  <datafield tag="500" ind1=" " ind2=" ">
    <subfield code="a">&quot;This volume originated in a two-day international conference that was held in Oxford on 22-23 September 2010&quot;--p. vii.</subfield>
  </datafield>
  <datafield tag="504" ind1=" " ind2=" ">
    <subfield code="a">Includes bibliographical references (pages 277-317) and index.</subfield>
  </datafield>
  <datafield tag="505" ind1="8" ind2="0">
    <subfield code="t">Introduction: On sanctuaries and poleis /</subfield>
    <subfield code="r">Milena Melfi. --</subfield>
    <subfield code="t">Euergetism and religion in the cities of the Peloponnese (first century BC to first century AD): between civic traditions and self-assertion of the elites /</subfield>
    <subfield code="r">Yves Lafond. --</subfield>
    <subfield code="t">Re-shaping the sacred landscape through benefaction: the sanctuary of Lykosoura in the Peloponnese /</subfield>
    <subfield code="r">Maria Kantirea. --</subfield>
    <subfield code="t">Artemis Lykoatis and the bones of Arkas: sanctuaries and territoriality /</subfield>
    <subfield code="r">Björn Forsén. --</subfield>
    <subfield code="t">Traditionalism in cult practice from Hellenistic to Roman times in Kameiros /</subfield>
    <subfield code="r">Luigi M. Caliò. --</subfield>
    <subfield code="t">Damophon of Messene in the Ionian coast of Greece: making, re-making, and updating cult statues in the second century BC /</subfield>
    <subfield code="r">Milena Melfi. --</subfield>
    <subfield code="t">Hellenistic divine images and the power of tradition /</subfield>
    <subfield code="r">Joannis Mylonopoulos. --</subfield>
    <subfield code="t">Sacred space and the politics of multiculturalism in Demetrias (Thessaly) /</subfield>
    <subfield code="r">Sofia Kravaritou. --</subfield>
    <subfield code="t">Renaissance or decline? The shrine of Dodona in the Hellenistic period /</subfield>
    <subfield code="r">Jessica Piccinini. --</subfield>
    <subfield code="t">Architecture and rituals in the Hellenistic age: the case of the Asklepieion in Kos /</subfield>
    <subfield code="r">Elisabetta Interdonato. --</subfield>
    <subfield code="t">New images for new gods: changes in votive habits in the Hellenistic period /</subfield>
    <subfield code="r">Olympia Bobou. --</subfield>
    <subfield code="t">Wreaths, shields, and old statues: Roman magistrates in sanctuaries of Greece /</subfield>
    <subfield code="r">Annalisa Lo Monaco. --</subfield>
    <subfield code="t">The making of a colonial Pantheon in the colonies of Caesar in Greece: the case of Corinth /</subfield>
    <subfield code="r">Milena Melfi. --</subfield>
    <subfield code="t">Tauromenion (Taormina, Sicily): the Hellenistic sacred area near the church of Santa Caterina and its transformations during the Roman Imperial age /</subfield>
    <subfield code="r">Lorenzo Campagna.</subfield>
  </datafield>
  <datafield tag="650" ind1=" " ind2="0">
    <subfield code="a">Sacred space</subfield>
    <subfield code="z">Greece</subfield>
    <subfield code="v">Congresses.</subfield>
  </datafield>
  <datafield tag="650" ind1=" " ind2="0">
    <subfield code="a">Temples</subfield>
    <subfield code="z">Greece</subfield>
    <subfield code="v">Congresses.</subfield>
  </datafield>
  <datafield tag="650" ind1=" " ind2="0">
    <subfield code="a">Temples, Greek</subfield>
    <subfield code="z">Rome</subfield>
    <subfield code="v">Congresses.</subfield>
  </datafield>
  <datafield tag="700" ind1="1" ind2=" ">
    <subfield code="a">Bobou, Olympia,</subfield>
    <subfield code="d">1974-</subfield>
    <subfield code="e">editor.</subfield>
  </datafield>
  <datafield tag="700" ind1="1" ind2=" ">
    <subfield code="a">Melfi, Milena,</subfield>
    <subfield code="e">editor.</subfield>
  </datafield>
</record>