
<record>
  <leader>02690cam a22003857i 4500</leader>
  <controlfield tag="001">18700550</controlfield>
  <controlfield tag="005">20200103120712.0</controlfield>
  <controlfield tag="008">150715s2015    enka     b    100 0 eng c</controlfield>
  <datafield tag="906" ind1=" " ind2=" ">
    <subfield code="a">7</subfield>
    <subfield code="b">cbc</subfield>
    <subfield code="c">pccadap</subfield>
    <subfield code="d">2</subfield>
    <subfield code="e">ncip</subfield>
    <subfield code="f">20</subfield>
    <subfield code="g">y-gencatlg</subfield>
  </datafield>
  <datafield tag="925" ind1="0" ind2=" ">
    <subfield code="a">acquire</subfield>
    <subfield code="b">2 shelf copies</subfield>
    <subfield code="x">policy default</subfield>
  </datafield>
  <datafield tag="955" ind1=" " ind2=" ">
    <subfield code="b">rm08 2015-07-15 z-processor</subfield>
    <subfield code="i">rm05 2015-07-21 to BCCD (Telework)</subfield>
    <subfield code="t">xn05 2015-08-24 copy 2 added</subfield>
    <subfield code="w">xl03 2015-12-09</subfield>
  </datafield>
  <datafield tag="010" ind1=" " ind2=" ">
    <subfield code="a">  2015430002</subfield>
  </datafield>
  <datafield tag="020" ind1=" " ind2=" ">
    <subfield code="a">9781137427663 (hbk.)</subfield>
  </datafield>
  <datafield tag="020" ind1=" " ind2=" ">
    <subfield code="a">1137427663 (hbk.)</subfield>
  </datafield>
  <datafield tag="035" ind1=" " ind2=" ">
    <subfield code="a">(OCoLC)ocn910079239</subfield>
  </datafield>
  <datafield tag="040" ind1=" " ind2=" ">
    <subfield code="a">CDX</subfield>
    <subfield code="b">eng</subfield>
    <subfield code="c">CDX</subfield>
    <subfield code="e">rda</subfield>
    <subfield code="d">OCLCQ</subfield>
    <subfield code="d">YDXCP</subfield>
    <subfield code="d">OCLCO</subfield>
    <subfield code="d">TJC</subfield>
    <subfield code="d">DLC</subfield>
  </datafield>
  <datafield tag="050" ind1="0" ind2="0">
    <subfield code="a">HG3891</subfield>
    <subfield code="b">.I573 2015</subfield>
  </datafield>
  <datafield tag="082" ind1="0" ind2="0">
    <subfield code="a">332/.0424</subfield>
    <subfield code="2">23</subfield>
  </datafield>
  <datafield tag="111" ind1="2" ind2=" ">
    <subfield code="a">International Economic Association Roundtable</subfield>
    <subfield code="d">(2012 :</subfield>
    <subfield code="c">İzmir, Turkey),</subfield>
    <subfield code="e">author.</subfield>
  </datafield>
  <datafield tag="245" ind1="1" ind2="0">
    <subfield code="a">Taming capital flows :</subfield>
    <subfield code="b">capital account management in an era of globalization /</subfield>
    <subfield code="c">edited by Joseph E. Stiglitz (University Professor, Columbia University, USA) and Refet S. Gürkaynak, Professor of Economics, Department of Economics, Bilkent University, Turkey.</subfield>
  </datafield>
  <datafield tag="246" ind1="3" ind2="0">
    <subfield code="a">Capital account management in an era of globalization</subfield>
  </datafield>
  <datafield tag="264" ind1=" " ind2="1">
    <subfield code="a">Houndmills, Basingstoke, Hampshire ;</subfield>
    <subfield code="a">New York, NY :</subfield>
    <subfield code="b">Palgrave Macmillan,</subfield>
    <subfield code="c">2015.</subfield>
  </datafield>
  <datafield tag="300" ind1=" " ind2=" ">
    <subfield code="a">xii, 176 pages :</subfield>
    <subfield code="b">illustrations ;</subfield>
    <subfield code="c">23 cm.</subfield>
  </datafield>
  <datafield tag="336" ind1=" " ind2=" ">
    <subfield code="a">text</subfield>
    <subfield code="b">txt</subfield>
    <subfield code="2">rdacontent</subfield>
  </datafield>
  <datafield tag="337" ind1=" " ind2=" ">
    <subfield code="a">unmediated</subfield>
    <subfield code="b">n</subfield>
    <subfield code="2">rdamedia</subfield>
  </datafield>
  <datafield tag="338" ind1=" " ind2=" ">
    <subfield code="a">volume</subfield>
    <subfield code="b">nc</subfield>
    <subfield code="2">rdacarrier</subfield>
  </datafield>
  <datafield tag="490" ind1="1" ind2=" ">
    <subfield code="a">IEA conference volume ;</subfield>
    <subfield code="v">no. 154</subfield>
  </datafield>
  <datafield tag="500" ind1=" " ind2=" ">
    <subfield code="a">&quot;The chapters in this volume were presented as papers in their draft forms at the International Economic Association roundtable, hosted by the Central Bank of Turkey in Izmir in 2012 ... The papers were revised based on feedback received, and their final forms are presented here&quot;--Page 2.</subfield>
  </datafield>
  <datafield tag="504" ind1=" " ind2=" ">
    <subfield code="a">Includes bibliographical references.</subfield>
  </datafield>
  <datafield tag="505" ind1="0" ind2=" ">
    <subfield code="a">Peru&apos;s recent experience in managing capital flows / Paul Castillo B. -- The Turkish approach to capital flow volatility / Yasin Akçelik, Erdem Başçı, Ergun Ermişoğlu, and Arif Oduncu -- The liberalization of capital account in China : retrospect and prospect / Ming Zhang -- Appropriate policy tools to manage capital flow externalities / Refet S. Gürkaynak -- Navigating capital flows in Brazil and Chile / Brittany A. Baumann and Kevin P. Gallagher -- Monetary policy in a multi-polar world / Joseph E. Stiglitz -- Managing capital flows : capital controls and foreign exchange intervention / Jonathan D. Ostry.</subfield>
  </datafield>
  <datafield tag="650" ind1=" " ind2="0">
    <subfield code="a">Capital movements</subfield>
    <subfield code="v">Congresses.</subfield>
  </datafield>
  <datafield tag="650" ind1=" " ind2="0">
    <subfield code="a">Capital movements</subfield>
    <subfield code="x">Government policy</subfield>
    <subfield code="v">Congresses.</subfield>
  </datafield>
  <datafield tag="700" ind1="1" ind2=" ">
    <subfield code="a">Stiglitz, Joseph E.,</subfield>
    <subfield code="e">editor.</subfield>
  </datafield>
  <datafield tag="700" ind1="1" ind2=" ">
    <subfield code="a">Gurkaynak, Refet S.,</subfield>
    <subfield code="e">editor.</subfield>
  </datafield>
  <datafield tag="830" ind1=" " ind2="0">
    <subfield code="a">IEA conference volume (Palgrave Macmillan (Firm)) ;</subfield>
    <subfield code="v">no. 154.</subfield>
  </datafield>
</record>